Date,Year,Year_Quarter,Category_ID,Customer_ID,Product_ID,Sales_Count,Net_Sales,Gross_Sales
1/5/09 12:00 AM,2009,2009 - Q1,1,104,4,1,918.4,1120
1/5/09 12:00 AM,2009,2009 - Q1,1,12,2,1,19516,23800
1/5/09 12:00 AM,2009,2009 - Q1,2,1,8,1,22861.6,27880
1/5/09 12:00 AM,2009,2009 - Q1,2,2,6,1,292740,357000
1/5/09 12:00 AM,2009,2009 - Q1,2,105,5,1,138580,169000
1/5/09 12:00 AM,2009,2009 - Q1,2,15,5,1,95120,116000
1/5/09 12:00 AM,2009,2009 - Q1,2,15,8,2,12496.8,15240
1/5/09 12:00 AM,2009,2009 - Q1,3,1,9,1,197316,243600
1/5/09 12:00 AM,2009,2009 - Q1,3,105,10,1,120690,149000
1/6/09 12:00 AM,2009,2009 - Q1,1,105,1,1,12136,14800
1/6/09 12:00 AM,2009,2009 - Q1,1,105,2,1,23780,29000
1/6/09 12:00 AM,2009,2009 - Q1,1,15,1,1,11070,13500
1/6/09 12:00 AM,2009,2009 - Q1,1,15,2,1,22140,27000
1/6/09 12:00 AM,2009,2009 - Q1,1,15,3,1,1066,1300
1/6/09 12:00 AM,2009,2009 - Q1,2,5,8,1,18318.8,22340
1/6/09 12:00 AM,2009,2009 - Q1,8,7,37,1,115324.8,140640
1/6/09 12:00 AM,2009,2009 - Q1,8,7,39,1,20526.24,25032
1/6/09 12:00 AM,2009,2009 - Q1,8,106,39,1,9815.4,11970
1/7/09 12:00 AM,2009,2009 - Q1,1,7,1,1,12136,14800
1/7/09 12:00 AM,2009,2009 - Q1,1,7,2,1,22632,27600
1/7/09 12:00 AM,2009,2009 - Q1,1,107,2,1,16236,19800
1/7/09 12:00 AM,2009,2009 - Q1,1,108,1,1,12136,14800
1/7/09 12:00 AM,2009,2009 - Q1,1,19,1,1,12464,15200
1/7/09 12:00 AM,2009,2009 - Q1,2,7,6,1,71750,87500
1/7/09 12:00 AM,2009,2009 - Q1,2,7,7,2,9389,11450
1/7/09 12:00 AM,2009,2009 - Q1,2,19,5,1,149240,182000
1/7/09 12:00 AM,2009,2009 - Q1,2,20,7,1,2993,3650
1/7/09 12:00 AM,2009,2009 - Q1,3,7,9,2,437458,520800
1/7/09 12:00 AM,2009,2009 - Q1,3,106,12,1,39216,45600
1/7/09 12:00 AM,2009,2009 - Q1,3,107,10,1,129000,150000
1/7/09 12:00 AM,2009,2009 - Q1,3,108,10,1,202100,235000
1/7/09 12:00 AM,2009,2009 - Q1,8,19,38,1,4034.4,4920
1/7/09 12:00 AM,2009,2009 - Q1,8,22,37,1,46051.2,56160
1/8/09 12:00 AM,2009,2009 - Q1,1,7,3,1,1131.6,1380
1/8/09 12:00 AM,2009,2009 - Q1,1,7,4,1,902,1100
1/8/09 12:00 AM,2009,2009 - Q1,1,109,2,1,14760,18000
1/8/09 12:00 AM,2009,2009 - Q1,1,109,3,1,762.6,930
1/8/09 12:00 AM,2009,2009 - Q1,1,22,1,1,4920,6000
1/8/09 12:00 AM,2009,2009 - Q1,2,9,8,1,5313.6,6480
1/8/09 12:00 AM,2009,2009 - Q1,3,109,10,1,5160,6000
1/8/09 12:00 AM,2009,2009 - Q1,3,22,10,1,395,500
1/8/09 12:00 AM,2009,2009 - Q1,8,23,36,1,109552,133600
1/9/09 12:00 AM,2009,2009 - Q1,1,109,4,1,590.4,720
1/9/09 12:00 AM,2009,2009 - Q1,1,23,3,1,680.6,830
1/9/09 12:00 AM,2009,2009 - Q1,2,11,5,1,83640,102000
1/9/09 12:00 AM,2009,2009 - Q1,2,26,5,1,223040,272000
1/9/09 12:00 AM,2009,2009 - Q1,3,9,11,1,1968.3,2430
1/9/09 12:00 AM,2009,2009 - Q1,3,9,9,1,91854,113400
1/9/09 12:00 AM,2009,2009 - Q1,3,11,12,1,27702,34200
1/9/09 12:00 AM,2009,2009 - Q1,3,110,10,1,9460,11000
1/9/09 12:00 AM,2009,2009 - Q1,8,110,36,1,195488,238400
1/9/09 12:00 AM,2009,2009 - Q1,8,111,38,1,2017.2,2460
1/9/09 12:00 AM,2009,2009 - Q1,8,27,38,1,6150,7500
1/9/09 12:00 AM,2009,2009 - Q1,8,27,37,1,179481.6,218880
1/12/09 12:00 AM,2009,2009 - Q1,1,11,2,1,14760,18000
1/12/09 12:00 AM,2009,2009 - Q1,1,27,1,1,18696,22800
1/12/09 12:00 AM,2009,2009 - Q1,1,27,4,1,1476,1800
1/12/09 12:00 AM,2009,2009 - Q1,2,111,7,2,4715,5750
1/12/09 12:00 AM,2009,2009 - Q1,2,112,5,1,145960,178000
1/12/09 12:00 AM,2009,2009 - Q1,3,11,9,1,102627,126700
1/12/09 12:00 AM,2009,2009 - Q1,3,27,9,1,37730,49000
1/12/09 12:00 AM,2009,2009 - Q1,8,12,37,1,110208,134400
1/12/09 12:00 AM,2009,2009 - Q1,8,112,35,1,488720,596000
1/13/09 12:00 AM,2009,2009 - Q1,2,12,6,1,72160,88000
1/13/09 12:00 AM,2009,2009 - Q1,2,13,8,1,9626.8,11740
1/13/09 12:00 AM,2009,2009 - Q1,2,30,6,1,58630,71500
1/13/09 12:00 AM,2009,2009 - Q1,3,112,10,1,5670,7000
1/13/09 12:00 AM,2009,2009 - Q1,8,14,35,1,262400,320000
1/13/09 12:00 AM,2009,2009 - Q1,8,113,38,1,2041.8,2490
1/13/09 12:00 AM,2009,2009 - Q1,8,114,35,1,488720,596000
1/13/09 12:00 AM,2009,2009 - Q1,8,30,38,1,3136.5,3825
1/13/09 12:00 AM,2009,2009 - Q1,8,31,37,1,202310.4,246720
1/14/09 12:00 AM,2009,2009 - Q1,1,114,3,2,2345.2,2860
1/14/09 12:00 AM,2009,2009 - Q1,2,14,6,1,39360,48000
1/14/09 12:00 AM,2009,2009 - Q1,2,16,7,1,1877.8,2290
1/14/09 12:00 AM,2009,2009 - Q1,2,114,7,2,9462.8,11540
1/14/09 12:00 AM,2009,2009 - Q1,2,31,5,1,505940,617000
1/14/09 12:00 AM,2009,2009 - Q1,2,37,6,1,47560,58000
1/14/09 12:00 AM,2009,2009 - Q1,2,38,6,1,45920,56000
1/14/09 12:00 AM,2009,2009 - Q1,3,14,10,1,64800,80000
1/14/09 12:00 AM,2009,2009 - Q1,3,15,11,1,2114.1,2610
1/14/09 12:00 AM,2009,2009 - Q1,3,16,10,1,46170,57000
1/14/09 12:00 AM,2009,2009 - Q1,3,114,11,1,3620.7,4470
1/14/09 12:00 AM,2009,2009 - Q1,3,116,9,1,201852,249200
1/14/09 12:00 AM,2009,2009 - Q1,3,31,9,1,40964,53200
1/14/09 12:00 AM,2009,2009 - Q1,8,117,36,1,281424,343200
1/14/09 12:00 AM,2009,2009 - Q1,8,32,35,1,1016800,1240000
1/15/09 12:00 AM,2009,2009 - Q1,1,117,4,2,2558.4,3120
1/15/09 12:00 AM,2009,2009 - Q1,2,117,5,1,189420,231000
1/15/09 12:00 AM,2009,2009 - Q1,2,117,7,1,6346.8,7740
1/15/09 12:00 AM,2009,2009 - Q1,2,40,6,1,34850,42500
1/15/09 12:00 AM,2009,2009 - Q1,3,40,12,1,5544,7200
1/15/09 12:00 AM,2009,2009 - Q1,8,17,38,1,2029.5,2475
1/15/09 12:00 AM,2009,2009 - Q1,8,17,39,1,10263.12,12516
1/15/09 12:00 AM,2009,2009 - Q1,8,18,39,1,15463.56,18858
1/15/09 12:00 AM,2009,2009 - Q1,8,41,37,1,117686.4,143520
1/16/09 12:00 AM,2009,2009 - Q1,1,18,2,1,19188,23400
1/16/09 12:00 AM,2009,2009 - Q1,1,18,3,1,959.4,1170
1/16/09 12:00 AM,2009,2009 - Q1,1,118,1,1,18040,22000
1/16/09 12:00 AM,2009,2009 - Q1,1,118,3,1,1804,2200
1/16/09 12:00 AM,2009,2009 - Q1,1,45,4,1,475.6,580
1/16/09 12:00 AM,2009,2009 - Q1,1,46,2,1,12464,15200
1/16/09 12:00 AM,2009,2009 - Q1,2,18,6,1,54940,67000
1/16/09 12:00 AM,2009,2009 - Q1,2,47,8,1,4329.6,5280
1/16/09 12:00 AM,2009,2009 - Q1,8,19,36,1,195488,238400
1/16/09 12:00 AM,2009,2009 - Q1,8,118,37,1,173184,211200
1/16/09 12:00 AM,2009,2009 - Q1,8,119,39,1,30307.2,36960
1/16/09 12:00 AM,2009,2009 - Q1,8,47,35,1,216480,264000
1/19/09 12:00 AM,2009,2009 - Q1,1,119,1,1,18040,22000
1/19/09 12:00 AM,2009,2009 - Q1,1,120,4,1,1344.8,1640
1/19/09 12:00 AM,2009,2009 - Q1,1,49,1,1,10496,12800
1/19/09 12:00 AM,2009,2009 - Q1,2,19,5,1,145960,178000
1/19/09 12:00 AM,2009,2009 - Q1,2,119,5,1,216480,264000
1/19/09 12:00 AM,2009,2009 - Q1,2,47,7,1,2164.8,2640
1/19/09 12:00 AM,2009,2009 - Q1,2,49,6,2,87330,106500
1/19/09 12:00 AM,2009,2009 - Q1,8,20,38,1,2140.2,2610
1/19/09 12:00 AM,2009,2009 - Q1,8,20,37,1,53529.6,65280
1/20/09 12:00 AM,2009,2009 - Q1,1,2,1,1,13940,17000
1/20/09 12:00 AM,2009,2009 - Q1,1,49,2,1,14104,17200
1/20/09 12:00 AM,2009,2009 - Q1,2,20,7,1,2369.8,2890
1/20/09 12:00 AM,2009,2009 - Q1,2,2,7,1,11430.8,13940
1/20/09 12:00 AM,2009,2009 - Q1,2,50,5,1,132020,161000
1/20/09 12:00 AM,2009,2009 - Q1,2,50,8,1,8872.4,10820
1/20/09 12:00 AM,2009,2009 - Q1,3,20,9,1,3969,4900
1/20/09 12:00 AM,2009,2009 - Q1,8,20,36,2,192208,234400
1/20/09 12:00 AM,2009,2009 - Q1,8,2,39,2,47423.88,57834
1/21/09 12:00 AM,2009,2009 - Q1,1,20,1,3,18122,22100
1/21/09 12:00 AM,2009,2009 - Q1,1,20,4,1,475.6,580
1/21/09 12:00 AM,2009,2009 - Q1,1,21,3,1,483.8,590
1/21/09 12:00 AM,2009,2009 - Q1,1,2,2,1,27880,34000
1/21/09 12:00 AM,2009,2009 - Q1,1,52,3,1,1074.2,1310
1/21/09 12:00 AM,2009,2009 - Q1,1,59,2,1,28208,34400
1/21/09 12:00 AM,2009,2009 - Q1,1,60,3,1,1418.6,1730
1/21/09 12:00 AM,2009,2009 - Q1,2,21,6,1,27880,34000
1/21/09 12:00 AM,2009,2009 - Q1,2,5,7,1,9774.4,11920
1/21/09 12:00 AM,2009,2009 - Q1,3,21,10,1,2025,2500
1/21/09 12:00 AM,2009,2009 - Q1,3,5,9,1,337932,417200
1/21/09 12:00 AM,2009,2009 - Q1,3,57,12,1,7084,9200
1/21/09 12:00 AM,2009,2009 - Q1,3,57,9,1,24794,32200
1/21/09 12:00 AM,2009,2009 - Q1,8,5,37,1,234585.6,286080
1/21/09 12:00 AM,2009,2009 - Q1,8,7,36,1,199424,243200
1/22/09 12:00 AM,2009,2009 - Q1,1,7,3,1,1246.4,1520
1/22/09 12:00 AM,2009,2009 - Q1,2,22,8,1,6789.6,8280
1/22/09 12:00 AM,2009,2009 - Q1,2,7,5,1,149240,182000
1/22/09 12:00 AM,2009,2009 - Q1,3,25,10,2,156865,186500
1/22/09 12:00 AM,2009,2009 - Q1,3,13,10,1,35550,45000
1/22/09 12:00 AM,2009,2009 - Q1,8,25,38,1,1955.7,2385
1/22/09 12:00 AM,2009,2009 - Q1,8,61,38,1,8068.8,9840
1/22/09 12:00 AM,2009,2009 - Q1,8,61,37,1,239308.8,291840
1/22/09 12:00 AM,2009,2009 - Q1,8,61,36,1,366048,446400
1/23/09 12:00 AM,2009,2009 - Q1,1,27,3,1,1623.6,1980
1/23/09 12:00 AM,2009,2009 - Q1,1,13,1,1,12464,15200
1/23/09 12:00 AM,2009,2009 - Q1,1,61,2,2,121032,147600
1/23/09 12:00 AM,2009,2009 - Q1,2,26,7,1,7216,8800
1/23/09 12:00 AM,2009,2009 - Q1,2,27,8,1,12988.8,15840
1/23/09 12:00 AM,2009,2009 - Q1,2,15,6,1,41410,50500
1/23/09 12:00 AM,2009,2009 - Q1,3,61,11,1,947.1,1230
1/23/09 12:00 AM,2009,2009 - Q1,3,61,9,1,49588,64400
1/23/09 12:00 AM,2009,2009 - Q1,8,27,37,1,161769.6,197280
1/23/09 12:00 AM,2009,2009 - Q1,8,15,37,1,69273.6,84480
1/23/09 12:00 AM,2009,2009 - Q1,8,15,39,1,12122.88,14784
1/23/09 12:00 AM,2009,2009 - Q1,8,63,35,1,601880,734000
1/26/09 12:00 AM,2009,2009 - Q1,1,30,2,1,16892,20600
1/26/09 12:00 AM,2009,2009 - Q1,1,19,3,1,1148,1400
1/26/09 12:00 AM,2009,2009 - Q1,1,63,2,1,30012,36600
1/26/09 12:00 AM,2009,2009 - Q1,1,63,3,1,2238.6,2730
1/26/09 12:00 AM,2009,2009 - Q1,2,30,5,1,101680,124000
1/26/09 12:00 AM,2009,2009 - Q1,2,63,7,1,6027,7350
1/26/09 12:00 AM,2009,2009 - Q1,8,30,37,1,82262.4,100320
1/26/09 12:00 AM,2009,2009 - Q1,8,18,39,1,15463.56,18858
1/26/09 12:00 AM,2009,2009 - Q1,8,20,35,1,280440,342000
1/27/09 12:00 AM,2009,2009 - Q1,1,20,4,1,442.8,540
1/27/09 12:00 AM,2009,2009 - Q1,2,31,8,1,30274.4,36920
1/27/09 12:00 AM,2009,2009 - Q1,2,20,5,1,81180,99000
1/27/09 12:00 AM,2009,2009 - Q1,3,31,12,1,78570,97000
1/27/09 12:00 AM,2009,2009 - Q1,3,26,11,1,1611.6,2040
1/27/09 12:00 AM,2009,2009 - Q1,3,64,9,1,23716,30800
1/27/09 12:00 AM,2009,2009 - Q1,8,31,35,1,756040,922000
1/27/09 12:00 AM,2009,2009 - Q1,8,64,38,1,3751.5,4575
1/27/09 12:00 AM,2009,2009 - Q1,8,65,38,1,8068.8,9840
1/28/09 12:00 AM,2009,2009 - Q1,1,32,3,1,2214,2700
1/28/09 12:00 AM,2009,2009 - Q1,1,27,1,1,18122,22100
1/28/09 12:00 AM,2009,2009 - Q1,1,30,1,1,9102,11100
1/28/09 12:00 AM,2009,2009 - Q1,1,30,3,1,910.2,1110
1/28/09 12:00 AM,2009,2009 - Q1,1,65,1,1,35588,43400
1/28/09 12:00 AM,2009,2009 - Q1,2,32,7,1,17736.6,21630
1/28/09 12:00 AM,2009,2009 - Q1,2,29,8,1,5297.2,6460
1/28/09 12:00 AM,2009,2009 - Q1,2,66,5,1,68060,83000
1/28/09 12:00 AM,2009,2009 - Q1,3,31,11,1,5892.75,7275
1/28/09 12:00 AM,2009,2009 - Q1,3,31,9,1,274995,339500
1/28/09 12:00 AM,2009,2009 - Q1,3,27,9,1,72443,91700
1/28/09 12:00 AM,2009,2009 - Q1,8,32,37,1,223958.4,273120
1/28/09 12:00 AM,2009,2009 - Q1,8,65,37,1,244032,297600
1/28/09 12:00 AM,2009,2009 - Q1,8,66,37,2,111388.8,135840
1/28/09 12:00 AM,2009,2009 - Q1,8,66,39,1,9918.72,12096
1/29/09 12:00 AM,2009,2009 - Q1,1,32,4,1,1869.6,2280
1/29/09 12:00 AM,2009,2009 - Q1,1,33,1,1,9266,11300
1/29/09 12:00 AM,2009,2009 - Q1,1,30,4,1,590.4,720
1/29/09 12:00 AM,2009,2009 - Q1,1,66,2,1,16400,20000
1/29/09 12:00 AM,2009,2009 - Q1,2,33,7,1,3706.4,4520
1/29/09 12:00 AM,2009,2009 - Q1,2,68,6,1,45510,55500
1/29/09 12:00 AM,2009,2009 - Q1,3,31,10,1,57275,72500
1/29/09 12:00 AM,2009,2009 - Q1,3,66,11,1,231,300
1/29/09 12:00 AM,2009,2009 - Q1,8,32,38,1,8314.8,10140
1/30/09 12:00 AM,2009,2009 - Q1,1,32,2,1,48872,59600
1/30/09 12:00 AM,2009,2009 - Q1,1,35,1,1,12054,14700
1/30/09 12:00 AM,2009,2009 - Q1,1,68,2,1,21156,25800
1/30/09 12:00 AM,2009,2009 - Q1,1,74,3,1,1246.4,1520
1/30/09 12:00 AM,2009,2009 - Q1,2,35,7,1,8060.6,9830
1/30/09 12:00 AM,2009,2009 - Q1,2,38,7,1,4887.2,5960
1/30/09 12:00 AM,2009,2009 - Q1,2,32,5,1,596960,728000
1/30/09 12:00 AM,2009,2009 - Q1,2,74,8,1,9971.2,12160
1/30/09 12:00 AM,2009,2009 - Q1,3,39,10,1,64800,80000
1/30/09 12:00 AM,2009,2009 - Q1,8,39,37,1,62976,76800
1/30/09 12:00 AM,2009,2009 - Q1,8,35,35,1,467400,570000
1/30/09 12:00 AM,2009,2009 - Q1,8,71,38,2,5424.3,6615
2/2/09 12:00 AM,2009,2009 - Q1,1,40,1,1,7954,9700
2/2/09 12:00 AM,2009,2009 - Q1,1,40,2,1,17056,20800
2/2/09 12:00 AM,2009,2009 - Q1,1,35,3,1,1205.4,1470
2/2/09 12:00 AM,2009,2009 - Q1,1,37,1,1,6724,8200
2/2/09 12:00 AM,2009,2009 - Q1,1,37,2,1,14432,17600
2/2/09 12:00 AM,2009,2009 - Q1,1,75,2,1,35424,43200
2/2/09 12:00 AM,2009,2009 - Q1,8,40,36,1,137760,168000
2/2/09 12:00 AM,2009,2009 - Q1,8,75,35,1,508400,620000
2/2/09 12:00 AM,2009,2009 - Q1,8,77,38,1,3185.7,3885
2/3/09 12:00 AM,2009,2009 - Q1,1,41,1,1,10988,13400
2/3/09 12:00 AM,2009,2009 - Q1,1,37,4,1,442.8,540
2/3/09 12:00 AM,2009,2009 - Q1,1,38,1,1,10332,12600
2/3/09 12:00 AM,2009,2009 - Q1,1,77,2,1,26896,32800
2/3/09 12:00 AM,2009,2009 - Q1,2,38,8,2,15711.2,19160
2/3/09 12:00 AM,2009,2009 - Q1,2,78,7,1,3017.6,3680
2/3/09 12:00 AM,2009,2009 - Q1,3,41,9,1,159327,196700
2/3/09 12:00 AM,2009,2009 - Q1,3,77,12,1,5544,7200
2/3/09 12:00 AM,2009,2009 - Q1,8,41,39,2,38056.2,46410
2/4/09 12:00 AM,2009,2009 - Q1,1,78,4,1,590.4,720
2/4/09 12:00 AM,2009,2009 - Q1,1,79,4,1,623.2,760
2/4/09 12:00 AM,2009,2009 - Q1,1,81,2,1,24108,29400
2/4/09 12:00 AM,2009,2009 - Q1,2,41,8,1,8921.6,10880
2/4/09 12:00 AM,2009,2009 - Q1,2,43,6,1,30340,37000
2/4/09 12:00 AM,2009,2009 - Q1,2,83,6,1,70520,86000
2/4/09 12:00 AM,2009,2009 - Q1,3,42,10,1,101910,118500
2/4/09 12:00 AM,2009,2009 - Q1,3,42,12,1,7742,9800
2/4/09 12:00 AM,2009,2009 - Q1,3,42,9,1,142674,165900
2/4/09 12:00 AM,2009,2009 - Q1,8,42,35,1,275520,336000
2/4/09 12:00 AM,2009,2009 - Q1,8,42,37,1,58252.8,71040
2/4/09 12:00 AM,2009,2009 - Q1,8,41,36,1,178432,217600
2/4/09 12:00 AM,2009,2009 - Q1,8,43,38,1,1734.3,2115
2/4/09 12:00 AM,2009,2009 - Q1,8,43,36,1,82000,100000
2/4/09 12:00 AM,2009,2009 - Q1,8,81,38,1,3960.6,4830
2/5/09 12:00 AM,2009,2009 - Q1,1,42,2,1,12792,15600
2/5/09 12:00 AM,2009,2009 - Q1,1,47,2,1,10004,12200
2/5/09 12:00 AM,2009,2009 - Q1,1,83,2,1,22304,27200
2/5/09 12:00 AM,2009,2009 - Q1,1,85,2,1,15252,18600
2/5/09 12:00 AM,2009,2009 - Q1,2,43,7,1,2050,2500
2/5/09 12:00 AM,2009,2009 - Q1,2,85,8,1,6117.2,7460
2/5/09 12:00 AM,2009,2009 - Q1,3,43,9,1,195048,226800
2/5/09 12:00 AM,2009,2009 - Q1,3,49,10,1,790,1000
2/5/09 12:00 AM,2009,2009 - Q1,8,43,39,1,8300.04,10122
2/6/09 12:00 AM,2009,2009 - Q1,1,43,3,1,820,1000
2/6/09 12:00 AM,2009,2009 - Q1,1,49,3,1,680.6,830
2/6/09 12:00 AM,2009,2009 - Q1,1,49,4,1,426.4,520
2/6/09 12:00 AM,2009,2009 - Q1,1,52,4,1,459.2,560
2/6/09 12:00 AM,2009,2009 - Q1,1,85,4,1,606.8,740
2/6/09 12:00 AM,2009,2009 - Q1,2,44,7,1,2050,2500
2/6/09 12:00 AM,2009,2009 - Q1,2,86,6,1,68060,83000
2/6/09 12:00 AM,2009,2009 - Q1,3,86,10,1,15015,19500
2/6/09 12:00 AM,2009,2009 - Q1,8,44,39,1,9195.48,11214
2/6/09 12:00 AM,2009,2009 - Q1,8,46,39,1,19699.68,24024
2/6/09 12:00 AM,2009,2009 - Q1,8,53,38,1,1562.1,1905
2/6/09 12:00 AM,2009,2009 - Q1,8,86,39,1,19079.76,23268
2/9/09 12:00 AM,2009,2009 - Q1,1,46,3,1,1213.6,1480
2/9/09 12:00 AM,2009,2009 - Q1,1,46,4,1,902,1100
2/9/09 12:00 AM,2009,2009 - Q1,1,55,2,1,24272,29600
2/9/09 12:00 AM,2009,2009 - Q1,1,86,3,1,1525.2,1860
2/9/09 12:00 AM,2009,2009 - Q1,2,46,7,2,9577.6,11680
2/9/09 12:00 AM,2009,2009 - Q1,2,89,8,1,5772.8,7040
2/9/09 12:00 AM,2009,2009 - Q1,2,89,7,1,2812.6,3430
2/9/09 12:00 AM,2009,2009 - Q1,3,55,10,1,120690,149000
2/9/09 12:00 AM,2009,2009 - Q1,8,56,35,1,406720,496000
2/10/09 12:00 AM,2009,2009 - Q1,1,47,2,1,9348,11400
2/10/09 12:00 AM,2009,2009 - Q1,1,47,3,1,467.4,570
2/10/09 12:00 AM,2009,2009 - Q1,1,56,1,1,9758,11900
2/10/09 12:00 AM,2009,2009 - Q1,1,92,1,1,17794,21700
2/10/09 12:00 AM,2009,2009 - Q1,2,56,5,1,116440,142000
2/10/09 12:00 AM,2009,2009 - Q1,2,90,5,1,195160,238000
2/10/09 12:00 AM,2009,2009 - Q1,8,47,36,1,76096,92800
2/10/09 12:00 AM,2009,2009 - Q1,8,57,37,1,110995.2,135360
2/10/09 12:00 AM,2009,2009 - Q1,8,91,39,1,20491.8,24990
2/11/09 12:00 AM,2009,2009 - Q1,1,48,2,1,11808,14400
2/11/09 12:00 AM,2009,2009 - Q1,1,57,4,1,770.8,940
2/11/09 12:00 AM,2009,2009 - Q1,2,49,6,1,69290,84500
2/11/09 12:00 AM,2009,2009 - Q1,3,48,12,1,68284,79400
2/11/09 12:00 AM,2009,2009 - Q1,3,49,11,1,170.1,210
2/11/09 12:00 AM,2009,2009 - Q1,3,57,10,1,34365,43500
2/11/09 12:00 AM,2009,2009 - Q1,3,93,11,1,404.25,525
2/11/09 12:00 AM,2009,2009 - Q1,3,95,9,1,28028,36400
2/11/09 12:00 AM,2009,2009 - Q1,3,100,10,1,8470,11000
2/11/09 12:00 AM,2009,2009 - Q1,8,48,39,1,17082.24,20832
2/11/09 12:00 AM,2009,2009 - Q1,8,59,39,1,17254.44,21042
2/11/09 12:00 AM,2009,2009 - Q1,8,60,35,1,377200,460000
2/11/09 12:00 AM,2009,2009 - Q1,8,60,39,1,15360.24,18732
2/11/09 12:00 AM,2009,2009 - Q1,8,93,36,1,156128,190400
2/11/09 12:00 AM,2009,2009 - Q1,8,100,39,1,10538.64,12852
2/12/09 12:00 AM,2009,2009 - Q1,1,49,2,1,22960,28000
2/12/09 12:00 AM,2009,2009 - Q1,1,49,3,1,1213.6,1480
2/12/09 12:00 AM,2009,2009 - Q1,1,61,2,1,49856,60800
2/12/09 12:00 AM,2009,2009 - Q1,1,101,4,1,508.4,620
2/12/09 12:00 AM,2009,2009 - Q1,1,102,4,1,574,700
2/12/09 12:00 AM,2009,2009 - Q1,1,103,1,1,12218,14900
2/12/09 12:00 AM,2009,2009 - Q1,2,61,8,1,39884.8,48640
2/12/09 12:00 AM,2009,2009 - Q1,3,62,12,1,14220,18000
2/12/09 12:00 AM,2009,2009 - Q1,8,50,35,1,375560,458000
2/13/09 12:00 AM,2009,2009 - Q1,1,50,1,1,9266,11300
2/13/09 12:00 AM,2009,2009 - Q1,1,50,3,1,967.6,1180
2/13/09 12:00 AM,2009,2009 - Q1,1,62,1,1,12300,15000
2/13/09 12:00 AM,2009,2009 - Q1,1,104,4,1,951.2,1160
2/13/09 12:00 AM,2009,2009 - Q1,2,50,8,1,7806.4,9520
2/13/09 12:00 AM,2009,2009 - Q1,2,51,6,1,38950,47500
2/13/09 12:00 AM,2009,2009 - Q1,2,105,5,1,88560,108000
2/13/09 12:00 AM,2009,2009 - Q1,3,63,10,1,41870,53000
2/13/09 12:00 AM,2009,2009 - Q1,3,64,10,1,56090,71000
2/13/09 12:00 AM,2009,2009 - Q1,3,104,9,1,24794,32200
2/13/09 12:00 AM,2009,2009 - Q1,3,105,10,1,10010,13000
2/13/09 12:00 AM,2009,2009 - Q1,8,64,38,1,6445.2,7860
2/16/09 12:00 AM,2009,2009 - Q1,1,106,3,1,1279.2,1560
2/16/09 12:00 AM,2009,2009 - Q1,1,106,4,1,688.8,840
2/16/09 12:00 AM,2009,2009 - Q1,2,52,8,1,9643.2,11760
2/16/09 12:00 AM,2009,2009 - Q1,3,51,10,1,4730,5500
2/16/09 12:00 AM,2009,2009 - Q1,3,65,12,1,90234,111400
2/16/09 12:00 AM,2009,2009 - Q1,3,65,11,1,2085.6,2640
2/16/09 12:00 AM,2009,2009 - Q1,3,106,12,1,5082,6600
2/16/09 12:00 AM,2009,2009 - Q1,8,52,39,1,20526.24,25032
2/16/09 12:00 AM,2009,2009 - Q1,8,66,39,1,8403.36,10248
2/17/09 12:00 AM,2009,2009 - Q1,1,52,2,1,24272,29600
2/17/09 12:00 AM,2009,2009 - Q1,1,66,2,1,9840,12000
2/17/09 12:00 AM,2009,2009 - Q1,1,108,1,1,17384,21200
2/17/09 12:00 AM,2009,2009 - Q1,2,108,5,1,150060,183000
2/17/09 12:00 AM,2009,2009 - Q1,2,109,5,1,104960,128000
2/17/09 12:00 AM,2009,2009 - Q1,3,55,9,1,168966,208600
2/17/09 12:00 AM,2009,2009 - Q1,3,66,10,1,49410,61000
2/17/09 12:00 AM,2009,2009 - Q1,3,66,12,1,19764,24400
2/17/09 12:00 AM,2009,2009 - Q1,8,55,35,1,488720,596000
2/18/09 12:00 AM,2009,2009 - Q1,1,57,4,1,836.4,1020
2/18/09 12:00 AM,2009,2009 - Q1,1,110,4,1,787.2,960
2/18/09 12:00 AM,2009,2009 - Q1,1,111,2,1,18532,22600
2/18/09 12:00 AM,2009,2009 - Q1,2,56,8,1,7216,8800
2/18/09 12:00 AM,2009,2009 - Q1,2,57,7,1,4288.6,5230
2/18/09 12:00 AM,2009,2009 - Q1,2,67,6,1,27060,33000
2/18/09 12:00 AM,2009,2009 - Q1,2,110,8,1,10168,12400
2/18/09 12:00 AM,2009,2009 - Q1,3,67,11,1,367.35,465
2/18/09 12:00 AM,2009,2009 - Q1,8,58,39,1,17702.16,21588
2/18/09 12:00 AM,2009,2009 - Q1,8,59,39,1,30307.2,36960
2/18/09 12:00 AM,2009,2009 - Q1,8,67,38,1,1439.1,1755
2/18/09 12:00 AM,2009,2009 - Q1,8,68,38,1,2484.6,3030
2/18/09 12:00 AM,2009,2009 - Q1,8,68,37,2,147993.6,180480
2/18/09 12:00 AM,2009,2009 - Q1,8,110,38,1,4034.4,4920
2/18/09 12:00 AM,2009,2009 - Q1,8,110,36,1,203360,248000
2/19/09 12:00 AM,2009,2009 - Q1,1,59,1,1,18040,22000
2/19/09 12:00 AM,2009,2009 - Q1,1,59,3,1,1804,2200
2/19/09 12:00 AM,2009,2009 - Q1,1,68,2,1,15580,19000
2/19/09 12:00 AM,2009,2009 - Q1,2,59,8,1,14432,17600
2/19/09 12:00 AM,2009,2009 - Q1,2,68,8,1,6281.2,7660
2/19/09 12:00 AM,2009,2009 - Q1,2,112,5,1,152520,186000
2/19/09 12:00 AM,2009,2009 - Q1,2,112,6,1,72160,88000
2/19/09 12:00 AM,2009,2009 - Q1,3,68,12,1,8532,10800
2/19/09 12:00 AM,2009,2009 - Q1,8,112,39,1,20285.16,24738
2/20/09 12:00 AM,2009,2009 - Q1,1,68,4,1,524.8,640
2/20/09 12:00 AM,2009,2009 - Q1,1,70,4,1,492,600
2/20/09 12:00 AM,2009,2009 - Q1,1,71,1,1,7790,9500
2/20/09 12:00 AM,2009,2009 - Q1,1,112,1,1,17712,21600
2/20/09 12:00 AM,2009,2009 - Q1,2,60,6,1,84870,103500
2/20/09 12:00 AM,2009,2009 - Q1,2,71,5,1,93480,114000
2/20/09 12:00 AM,2009,2009 - Q1,2,112,7,2,9913.8,12090
2/20/09 12:00 AM,2009,2009 - Q1,8,60,35,1,567440,692000
2/20/09 12:00 AM,2009,2009 - Q1,8,61,38,1,7908.9,9645
2/20/09 12:00 AM,2009,2009 - Q1,8,61,39,1,37849.56,46158
2/20/09 12:00 AM,2009,2009 - Q1,8,114,35,1,508400,620000
2/20/09 12:00 AM,2009,2009 - Q1,8,114,36,1,199424,243200
2/23/09 12:00 AM,2009,2009 - Q1,1,62,2,1,25256,30800
2/23/09 12:00 AM,2009,2009 - Q1,1,71,3,1,779,950
2/23/09 12:00 AM,2009,2009 - Q1,1,72,2,1,15580,19000
2/23/09 12:00 AM,2009,2009 - Q1,1,114,1,1,12464,15200
2/23/09 12:00 AM,2009,2009 - Q1,2,62,7,1,10159.8,12390
2/23/09 12:00 AM,2009,2009 - Q1,2,115,6,1,42230,51500
2/23/09 12:00 AM,2009,2009 - Q1,3,61,9,1,528556,614600
2/23/09 12:00 AM,2009,2009 - Q1,3,72,12,1,8848,11200
2/23/09 12:00 AM,2009,2009 - Q1,8,115,38,1,2238.6,2730
2/24/09 12:00 AM,2009,2009 - Q1,1,62,3,1,1262.8,1540
2/24/09 12:00 AM,2009,2009 - Q1,1,117,2,1,32472,39600
2/24/09 12:00 AM,2009,2009 - Q1,2,63,5,1,291920,356000
2/24/09 12:00 AM,2009,2009 - Q1,2,75,8,1,9971.2,12160
2/24/09 12:00 AM,2009,2009 - Q1,2,115,8,1,5428.4,6620
2/24/09 12:00 AM,2009,2009 - Q1,2,115,7,1,2820.8,3440
2/24/09 12:00 AM,2009,2009 - Q1,3,75,10,1,35550,45000
2/24/09 12:00 AM,2009,2009 - Q1,8,63,35,1,977440,1192000
2/24/09 12:00 AM,2009,2009 - Q1,8,75,38,1,4083.6,4980
2/25/09 12:00 AM,2009,2009 - Q1,1,63,2,1,48872,59600
2/25/09 12:00 AM,2009,2009 - Q1,1,79,4,1,541.2,660
2/25/09 12:00 AM,2009,2009 - Q1,1,119,4,1,1148,1400
2/25/09 12:00 AM,2009,2009 - Q1,1,120,1,1,16400,20000
2/25/09 12:00 AM,2009,2009 - Q1,2,64,5,1,197620,241000
2/25/09 12:00 AM,2009,2009 - Q1,2,64,7,1,7035.6,8580
2/25/09 12:00 AM,2009,2009 - Q1,2,78,7,1,3009.4,3670
2/25/09 12:00 AM,2009,2009 - Q1,2,118,5,1,134480,164000
2/25/09 12:00 AM,2009,2009 - Q1,3,75,11,1,1066.5,1350
2/25/09 12:00 AM,2009,2009 - Q1,3,77,11,2,3698.4,4590
2/25/09 12:00 AM,2009,2009 - Q1,3,78,9,1,29862,37800
2/25/09 12:00 AM,2009,2009 - Q1,8,64,37,1,168854.4,205920
2/25/09 12:00 AM,2009,2009 - Q1,8,65,37,1,231043.2,281760
2/25/09 12:00 AM,2009,2009 - Q1,8,118,37,1,111782.4,136320
2/25/09 12:00 AM,2009,2009 - Q1,8,120,37,1,112569.6,137280
2/26/09 12:00 AM,2009,2009 - Q1,1,65,3,1,2402.6,2930
2/26/09 12:00 AM,2009,2009 - Q1,1,120,3,1,1640,2000
2/26/09 12:00 AM,2009,2009 - Q1,2,65,8,1,18318.8,22340
2/26/09 12:00 AM,2009,2009 - Q1,2,66,6,1,50840,62000
2/26/09 12:00 AM,2009,2009 - Q1,2,80,6,1,46740,57000
2/26/09 12:00 AM,2009,2009 - Q1,2,81,5,1,139400,170000
2/26/09 12:00 AM,2009,2009 - Q1,3,80,11,1,23.7,30
2/26/09 12:00 AM,2009,2009 - Q1,8,3,38,1,1722,2100
2/26/09 12:00 AM,2009,2009 - Q1,8,3,37,1,144057.6,175680
2/27/09 12:00 AM,2009,2009 - Q1,1,67,4,1,541.2,660
2/27/09 12:00 AM,2009,2009 - Q1,1,82,2,1,12464,15200
2/27/09 12:00 AM,2009,2009 - Q1,2,66,8,1,6789.6,8280
2/27/09 12:00 AM,2009,2009 - Q1,2,85,5,2,173840,212000
2/27/09 12:00 AM,2009,2009 - Q1,3,67,10,1,72090,89000
2/27/09 12:00 AM,2009,2009 - Q1,3,68,12,1,80840,94000
2/27/09 12:00 AM,2009,2009 - Q1,3,81,12,1,474,600
2/27/09 12:00 AM,2009,2009 - Q1,3,10,12,1,26244,32400
2/27/09 12:00 AM,2009,2009 - Q1,3,10,11,1,1968.3,2430
2/27/09 12:00 AM,2009,2009 - Q1,3,12,12,1,88064,102400
2/27/09 12:00 AM,2009,2009 - Q1,8,85,39,1,12019.56,14658
2/27/09 12:00 AM,2009,2009 - Q1,8,12,35,1,524800,640000
3/2/09 12:00 AM,2009,2009 - Q1,1,88,1,1,8282,10100
3/2/09 12:00 AM,2009,2009 - Q1,2,86,7,1,4444.4,5420
3/2/09 12:00 AM,2009,2009 - Q1,3,68,9,1,282940,329000
3/2/09 12:00 AM,2009,2009 - Q1,3,69,9,1,79380,98000
3/2/09 12:00 AM,2009,2009 - Q1,3,85,9,1,29309,37100
3/2/09 12:00 AM,2009,2009 - Q1,8,70,36,1,160064,195200
3/2/09 12:00 AM,2009,2009 - Q1,8,14,35,1,237800,290000
3/2/09 12:00 AM,2009,2009 - Q1,8,18,39,1,17461.08,21294
3/2/09 12:00 AM,2009,2009 - Q1,8,31,39,1,44358.72,54096
3/3/09 12:00 AM,2009,2009 - Q1,1,88,3,1,893.8,1090
3/3/09 12:00 AM,2009,2009 - Q1,2,71,7,1,2853.6,3480
3/3/09 12:00 AM,2009,2009 - Q1,2,72,8,1,5658,6900
3/3/09 12:00 AM,2009,2009 - Q1,2,90,6,1,99220,121000
3/3/09 12:00 AM,2009,2009 - Q1,2,90,7,1,6428.8,7840
3/3/09 12:00 AM,2009,2009 - Q1,2,32,6,1,127510,155500
3/3/09 12:00 AM,2009,2009 - Q1,8,72,37,1,70060.8,85440
3/3/09 12:00 AM,2009,2009 - Q1,8,36,37,1,51561.6,62880
3/3/09 12:00 AM,2009,2009 - Q1,8,37,35,1,214840,262000
3/4/09 12:00 AM,2009,2009 - Q1,1,73,2,1,11808,14400
3/4/09 12:00 AM,2009,2009 - Q1,1,94,3,1,1476,1800
3/4/09 12:00 AM,2009,2009 - Q1,1,37,2,1,10660,13000
3/4/09 12:00 AM,2009,2009 - Q1,2,91,7,1,16449.2,20060
3/4/09 12:00 AM,2009,2009 - Q1,2,41,6,1,68060,83000
3/4/09 12:00 AM,2009,2009 - Q1,3,72,11,1,2162.7,2670
3/4/09 12:00 AM,2009,2009 - Q1,3,72,9,1,156520,182000
3/4/09 12:00 AM,2009,2009 - Q1,3,91,10,1,59250,75000
3/4/09 12:00 AM,2009,2009 - Q1,8,73,37,1,57072,69600
3/4/09 12:00 AM,2009,2009 - Q1,8,74,38,1,4231.2,5160
3/4/09 12:00 AM,2009,2009 - Q1,8,93,36,1,253216,308800
3/4/09 12:00 AM,2009,2009 - Q1,8,94,36,1,236816,288800
3/4/09 12:00 AM,2009,2009 - Q1,8,37,39,1,9023.28,11004
3/4/09 12:00 AM,2009,2009 - Q1,8,41,35,1,454280,554000
3/4/09 12:00 AM,2009,2009 - Q1,8,41,39,1,19079.76,23268
3/5/09 12:00 AM,2009,2009 - Q1,1,74,3,1,1213.6,1480
3/5/09 12:00 AM,2009,2009 - Q1,1,41,3,1,1131.6,1380
3/5/09 12:00 AM,2009,2009 - Q1,2,74,5,1,145960,178000
3/5/09 12:00 AM,2009,2009 - Q1,3,74,10,1,120690,149000
3/5/09 12:00 AM,2009,2009 - Q1,3,49,11,1,133.65,165
3/5/09 12:00 AM,2009,2009 - Q1,8,95,38,2,9766.2,11910
3/5/09 12:00 AM,2009,2009 - Q1,8,95,35,1,582200,710000
3/5/09 12:00 AM,2009,2009 - Q1,8,96,37,1,119654.4,145920
3/5/09 12:00 AM,2009,2009 - Q1,8,49,36,1,159408,194400
3/6/09 12:00 AM,2009,2009 - Q1,2,97,5,1,85280,104000
3/6/09 12:00 AM,2009,2009 - Q1,2,97,6,1,39770,48500
3/6/09 12:00 AM,2009,2009 - Q1,2,56,6,1,70110,85500
3/6/09 12:00 AM,2009,2009 - Q1,2,56,8,1,9380.8,11440
3/6/09 12:00 AM,2009,2009 - Q1,3,76,12,1,24948,30800
3/6/09 12:00 AM,2009,2009 - Q1,3,56,9,1,275114,319900
3/6/09 12:00 AM,2009,2009 - Q1,3,58,9,1,243208,282800
3/6/09 12:00 AM,2009,2009 - Q1,8,75,36,1,195488,238400
3/6/09 12:00 AM,2009,2009 - Q1,8,76,36,1,101024,123200
3/6/09 12:00 AM,2009,2009 - Q1,8,76,39,1,10641.96,12978
3/6/09 12:00 AM,2009,2009 - Q1,8,97,38,1,2263.2,2760
3/6/09 12:00 AM,2009,2009 - Q1,8,97,39,1,11261.88,13734
3/9/09 12:00 AM,2009,2009 - Q1,1,79,2,1,15744,19200
3/9/09 12:00 AM,2009,2009 - Q1,1,80,1,1,5330,6500
3/9/09 12:00 AM,2009,2009 - Q1,3,77,10,1,149210,173500
3/9/09 12:00 AM,2009,2009 - Q1,3,97,11,1,604.35,765
3/9/09 12:00 AM,2009,2009 - Q1,3,98,9,1,48664,61600
3/9/09 12:00 AM,2009,2009 - Q1,3,78,12,1,44032,51200
3/9/09 12:00 AM,2009,2009 - Q1,8,77,38,1,3124.2,3810
3/9/09 12:00 AM,2009,2009 - Q1,8,77,35,1,380480,464000
3/9/09 12:00 AM,2009,2009 - Q1,8,98,36,2,381792,465600
3/10/09 12:00 AM,2009,2009 - Q1,1,98,4,1,770.8,940
3/10/09 12:00 AM,2009,2009 - Q1,2,78,8,1,5346.4,6520
3/10/09 12:00 AM,2009,2009 - Q1,2,78,7,1,2829,3450
3/10/09 12:00 AM,2009,2009 - Q1,2,99,5,1,94300,115000
3/10/09 12:00 AM,2009,2009 - Q1,2,81,7,1,2123.8,2590
3/10/09 12:00 AM,2009,2009 - Q1,3,78,10,1,69660,86000
3/10/09 12:00 AM,2009,2009 - Q1,3,86,10,1,246820,287000
3/10/09 12:00 AM,2009,2009 - Q1,3,94,10,1,185760,216000
3/10/09 12:00 AM,2009,2009 - Q1,8,99,39,1,7852.32,9576
3/11/09 12:00 AM,2009,2009 - Q1,2,81,8,1,9643.2,11760
3/11/09 12:00 AM,2009,2009 - Q1,2,100,7,1,2287.8,2790
3/11/09 12:00 AM,2009,2009 - Q1,2,101,6,1,39360,48000
3/11/09 12:00 AM,2009,2009 - Q1,2,101,7,1,2632.2,3210
3/11/09 12:00 AM,2009,2009 - Q1,2,95,5,1,296840,362000
3/11/09 12:00 AM,2009,2009 - Q1,3,79,11,1,85.05,105
3/11/09 12:00 AM,2009,2009 - Q1,3,81,10,1,5265,6500
3/11/09 12:00 AM,2009,2009 - Q1,3,81,11,1,35.55,45
3/11/09 12:00 AM,2009,2009 - Q1,3,94,9,1,260064,302400
3/11/09 12:00 AM,2009,2009 - Q1,3,95,11,1,12474.3,14505
3/11/09 12:00 AM,2009,2009 - Q1,3,95,9,1,582134,676900
3/11/09 12:00 AM,2009,2009 - Q1,8,79,36,1,110864,135200
3/11/09 12:00 AM,2009,2009 - Q1,8,100,35,1,227960,278000
3/11/09 12:00 AM,2009,2009 - Q1,8,100,37,1,58252.8,71040
3/11/09 12:00 AM,2009,2009 - Q1,8,97,38,1,774.9,945
3/12/09 12:00 AM,2009,2009 - Q1,1,81,1,1,11972,14600
3/12/09 12:00 AM,2009,2009 - Q1,1,81,3,1,1221.8,1490
3/12/09 12:00 AM,2009,2009 - Q1,2,102,5,1,149240,182000
3/12/09 12:00 AM,2009,2009 - Q1,2,102,6,1,72980,89000
3/12/09 12:00 AM,2009,2009 - Q1,2,102,8,1,11808,14400
3/12/09 12:00 AM,2009,2009 - Q1,3,101,11,2,2489.1,3090
3/12/09 12:00 AM,2009,2009 - Q1,8,83,35,1,395240,482000
3/12/09 12:00 AM,2009,2009 - Q1,8,97,36,1,108896,132800
3/12/09 12:00 AM,2009,2009 - Q1,8,101,35,1,572360,698000
3/13/09 12:00 AM,2009,2009 - Q1,2,83,8,1,16416.4,20020
3/13/09 12:00 AM,2009,2009 - Q1,2,86,6,1,59450,72500
3/13/09 12:00 AM,2009,2009 - Q1,2,102,8,1,9774.4,11920
3/13/09 12:00 AM,2009,2009 - Q1,2,103,7,1,3288.2,4010
3/13/09 12:00 AM,2009,2009 - Q1,2,114,8,1,12004.8,14640
3/13/09 12:00 AM,2009,2009 - Q1,8,86,37,1,95251.2,116160
3/13/09 12:00 AM,2009,2009 - Q1,8,86,39,1,16668.96,20328
3/13/09 12:00 AM,2009,2009 - Q1,8,103,35,1,316520,386000
3/13/09 12:00 AM,2009,2009 - Q1,8,103,36,1,131200,160000
3/13/09 12:00 AM,2009,2009 - Q1,8,109,38,1,1426.8,1740
3/16/09 12:00 AM,2009,2009 - Q1,2,88,5,1,95940,117000
3/16/09 12:00 AM,2009,2009 - Q1,3,103,9,1,32627,41300
3/16/09 12:00 AM,2009,2009 - Q1,3,104,10,1,35550,45000
3/16/09 12:00 AM,2009,2009 - Q1,8,89,35,1,439520,536000
3/16/09 12:00 AM,2009,2009 - Q1,8,89,37,1,105484.8,128640
3/16/09 12:00 AM,2009,2009 - Q1,8,104,39,1,20939.52,25536
3/17/09 12:00 AM,2009,2009 - Q1,1,104,3,1,1246.4,1520
3/17/09 12:00 AM,2009,2009 - Q1,3,104,12,1,14220,18000
3/17/09 12:00 AM,2009,2009 - Q1,3,105,9,1,49770,63000
3/17/09 12:00 AM,2009,2009 - Q1,8,90,39,2,53347.56,65058
3/17/09 12:00 AM,2009,2009 - Q1,8,91,38,1,6605.1,8055
3/17/09 12:00 AM,2009,2009 - Q1,8,91,35,2,1469440,1792000
3/18/09 12:00 AM,2009,2009 - Q1,1,92,2,1,30996,37800
3/18/09 12:00 AM,2009,2009 - Q1,1,93,4,1,1180.8,1440
3/18/09 12:00 AM,2009,2009 - Q1,1,94,1,1,22878,27900
3/18/09 12:00 AM,2009,2009 - Q1,2,94,7,1,9159.4,11170
3/18/09 12:00 AM,2009,2009 - Q1,2,107,6,1,29110,35500
3/18/09 12:00 AM,2009,2009 - Q1,2,107,8,1,3936,4800
3/18/09 12:00 AM,2009,2009 - Q1,3,92,9,1,222831,275100
3/18/09 12:00 AM,2009,2009 - Q1,3,108,11,1,1007.25,1275
3/18/09 12:00 AM,2009,2009 - Q1,8,107,35,1,196800,240000
3/18/09 12:00 AM,2009,2009 - Q1,8,108,37,1,113356.8,138240
3/19/09 12:00 AM,2009,2009 - Q1,1,94,3,1,2402.6,2930
3/19/09 12:00 AM,2009,2009 - Q1,2,111,8,1,5084,6200
3/19/09 12:00 AM,2009,2009 - Q1,3,109,11,1,23.7,30
3/19/09 12:00 AM,2009,2009 - Q1,8,95,38,2,16777.2,20460
3/19/09 12:00 AM,2009,2009 - Q1,8,95,35,1,964320,1176000
3/19/09 12:00 AM,2009,2009 - Q1,8,110,37,1,117292.8,143040
3/20/09 12:00 AM,2009,2009 - Q1,1,95,4,1,2033.6,2480
3/20/09 12:00 AM,2009,2009 - Q1,1,111,2,1,12628,15400
3/20/09 12:00 AM,2009,2009 - Q1,2,96,5,1,145960,178000
3/20/09 12:00 AM,2009,2009 - Q1,3,111,10,1,790,1000
3/20/09 12:00 AM,2009,2009 - Q1,3,111,11,1,23.7,30
3/20/09 12:00 AM,2009,2009 - Q1,3,112,10,1,1580,2000
3/20/09 12:00 AM,2009,2009 - Q1,8,95,36,1,385728,470400
3/20/09 12:00 AM,2009,2009 - Q1,8,96,36,1,192864,235200
3/23/09 12:00 AM,2009,2009 - Q1,1,96,3,1,1213.6,1480
3/23/09 12:00 AM,2009,2009 - Q1,1,114,3,1,1221.8,1490
3/23/09 12:00 AM,2009,2009 - Q1,3,96,12,1,48276,59600
3/23/09 12:00 AM,2009,2009 - Q1,3,96,11,1,3620.7,4470
3/23/09 12:00 AM,2009,2009 - Q1,3,112,9,1,2212,2800
3/23/09 12:00 AM,2009,2009 - Q1,8,113,36,1,102336,124800
3/24/09 12:00 AM,2009,2009 - Q1,2,99,6,1,45510,55500
3/24/09 12:00 AM,2009,2009 - Q1,2,100,6,1,67240,82000
3/24/09 12:00 AM,2009,2009 - Q1,3,115,9,1,157059,193900
3/24/09 12:00 AM,2009,2009 - Q1,3,116,12,1,18012,22800
3/24/09 12:00 AM,2009,2009 - Q1,8,98,38,1,4132.8,5040
3/24/09 12:00 AM,2009,2009 - Q1,8,118,38,1,6150,7500
3/25/09 12:00 AM,2009,2009 - Q1,1,100,3,1,1066,1300
3/25/09 12:00 AM,2009,2009 - Q1,1,100,4,1,934.8,1140
3/25/09 12:00 AM,2009,2009 - Q1,2,101,7,1,2533.8,3090
3/25/09 12:00 AM,2009,2009 - Q1,2,119,6,1,111520,136000
3/25/09 12:00 AM,2009,2009 - Q1,2,2,5,1,346040,422000
3/25/09 12:00 AM,2009,2009 - Q1,3,100,11,1,3195.45,3945
3/25/09 12:00 AM,2009,2009 - Q1,3,118,10,1,53720,68000
3/25/09 12:00 AM,2009,2009 - Q1,8,102,35,1,480520,586000
3/25/09 12:00 AM,2009,2009 - Q1,8,2,37,1,138547.2,168960
3/25/09 12:00 AM,2009,2009 - Q1,8,2,39,1,24280.2,29610
3/26/09 12:00 AM,2009,2009 - Q1,2,102,7,1,4821.6,5880
3/26/09 12:00 AM,2009,2009 - Q1,2,2,8,1,24600,30000
3/26/09 12:00 AM,2009,2009 - Q1,2,5,6,1,152520,186000
3/26/09 12:00 AM,2009,2009 - Q1,3,102,12,2,126686,150600
3/26/09 12:00 AM,2009,2009 - Q1,8,102,37,1,111388.8,135840
3/26/09 12:00 AM,2009,2009 - Q1,8,5,37,1,244032,297600
3/27/09 12:00 AM,2009,2009 - Q1,1,102,2,2,46904,57200
3/27/09 12:00 AM,2009,2009 - Q1,1,102,3,2,2337,2850
3/27/09 12:00 AM,2009,2009 - Q1,1,7,3,1,1771.2,2160
3/27/09 12:00 AM,2009,2009 - Q1,2,103,8,2,11578.4,14120
3/27/09 12:00 AM,2009,2009 - Q1,2,7,7,1,5084,6200
3/27/09 12:00 AM,2009,2009 - Q1,2,8,5,1,54940,67000
3/27/09 12:00 AM,2009,2009 - Q1,8,103,36,1,118736,144800
3/27/09 12:00 AM,2009,2009 - Q1,8,8,39,1,7576.8,9240
3/30/09 12:00 AM,2009,2009 - Q1,1,103,1,1,6970,8500
3/30/09 12:00 AM,2009,2009 - Q1,1,8,3,1,639.6,780
3/30/09 12:00 AM,2009,2009 - Q1,2,8,8,1,3706.4,4520
3/30/09 12:00 AM,2009,2009 - Q1,3,103,10,1,117820,137000
3/30/09 12:00 AM,2009,2009 - Q1,3,104,11,1,3620.7,4470
3/30/09 12:00 AM,2009,2009 - Q1,3,8,10,1,6160,8000
3/31/09 12:00 AM,2009,2009 - Q1,1,104,1,1,12136,14800
3/31/09 12:00 AM,2009,2009 - Q1,1,104,2,1,24272,29600
3/31/09 12:00 AM,2009,2009 - Q1,1,104,3,1,1213.6,1480
3/31/09 12:00 AM,2009,2009 - Q1,1,8,4,1,328,400
3/31/09 12:00 AM,2009,2009 - Q1,1,11,1,1,6396,7800
3/31/09 12:00 AM,2009,2009 - Q1,3,9,12,1,8532,10800
4/1/09 12:00 AM,2009,2009 - Q2,8,2,35,1,364080,444000
4/1/09 12:00 AM,2009,2009 - Q2,8,2,37,1,87379.2,106560
4/1/09 12:00 AM,2009,2009 - Q2,8,5,35,1,1016800,1240000
4/1/09 12:00 AM,2009,2009 - Q2,8,5,37,1,244032,297600
4/2/09 12:00 AM,2009,2009 - Q2,3,5,12,1,14168,18400
4/2/09 12:00 AM,2009,2009 - Q2,3,5,9,1,33418,43400
4/2/09 12:00 AM,2009,2009 - Q2,8,5,36,1,411968,502400
4/3/09 12:00 AM,2009,2009 - Q2,1,5,1,1,51496,62800
4/3/09 12:00 AM,2009,2009 - Q2,2,7,6,1,44690,54500
4/3/09 12:00 AM,2009,2009 - Q2,2,7,7,1,3009.4,3670
4/6/09 12:00 AM,2009,2009 - Q2,1,9,3,1,1000.4,1220
4/6/09 12:00 AM,2009,2009 - Q2,2,9,8,1,4001.6,4880
4/6/09 12:00 AM,2009,2009 - Q2,8,9,35,1,191880,234000
4/6/09 12:00 AM,2009,2009 - Q2,8,12,39,1,13397.16,16338
4/6/09 12:00 AM,2009,2009 - Q2,8,13,36,1,205984,251200
4/7/09 12:00 AM,2009,2009 - Q2,1,13,1,1,25748,31400
4/7/09 12:00 AM,2009,2009 - Q2,1,15,2,1,22960,28000
4/7/09 12:00 AM,2009,2009 - Q2,2,13,5,1,154160,188000
4/7/09 12:00 AM,2009,2009 - Q2,3,13,10,1,17710,23000
4/8/09 12:00 AM,2009,2009 - Q2,1,15,4,1,606.8,740
4/8/09 12:00 AM,2009,2009 - Q2,8,18,38,1,1869.6,2280
4/8/09 12:00 AM,2009,2009 - Q2,8,18,37,1,56678.4,69120
4/8/09 12:00 AM,2009,2009 - Q2,8,19,35,1,488720,596000
4/9/09 12:00 AM,2009,2009 - Q2,1,19,3,1,2443.6,2980
4/9/09 12:00 AM,2009,2009 - Q2,2,19,5,2,300120,366000
4/9/09 12:00 AM,2009,2009 - Q2,2,19,8,1,10299.2,12560
4/9/09 12:00 AM,2009,2009 - Q2,2,22,8,1,4116.4,5020
4/9/09 12:00 AM,2009,2009 - Q2,8,26,36,2,372608,454400
4/10/09 12:00 AM,2009,2009 - Q2,2,27,5,1,236160,288000
4/10/09 12:00 AM,2009,2009 - Q2,3,27,9,1,25872,33600
4/10/09 12:00 AM,2009,2009 - Q2,8,27,38,1,6100.8,7440
4/10/09 12:00 AM,2009,2009 - Q2,8,28,38,1,2287.8,2790
4/10/09 12:00 AM,2009,2009 - Q2,8,28,35,1,280440,342000
4/10/09 12:00 AM,2009,2009 - Q2,8,28,37,1,68880,84000
4/13/09 12:00 AM,2009,2009 - Q2,2,28,5,1,86100,105000
4/13/09 12:00 AM,2009,2009 - Q2,2,28,6,1,44280,54000
4/13/09 12:00 AM,2009,2009 - Q2,2,28,7,1,2878.2,3510
4/13/09 12:00 AM,2009,2009 - Q2,3,28,12,1,2772,3600
4/13/09 12:00 AM,2009,2009 - Q2,8,30,35,2,892160,1088000
4/14/09 12:00 AM,2009,2009 - Q2,1,30,1,1,14186,17300
4/14/09 12:00 AM,2009,2009 - Q2,2,31,5,1,529720,646000
4/14/09 12:00 AM,2009,2009 - Q2,2,31,8,1,35424,43200
4/14/09 12:00 AM,2009,2009 - Q2,8,30,36,1,181712,221600
4/15/09 12:00 AM,2009,2009 - Q2,1,37,1,1,10414,12700
4/15/09 12:00 AM,2009,2009 - Q2,3,32,10,2,59290,77000
4/15/09 12:00 AM,2009,2009 - Q2,8,32,37,1,247180.8,301440
4/15/09 12:00 AM,2009,2009 - Q2,8,38,36,1,112176,136800
4/16/09 12:00 AM,2009,2009 - Q2,2,41,6,1,77080,94000
4/16/09 12:00 AM,2009,2009 - Q2,3,38,11,1,184.8,240
4/16/09 12:00 AM,2009,2009 - Q2,3,40,11,1,150.15,195
4/16/09 12:00 AM,2009,2009 - Q2,8,40,37,1,54316.8,66240
4/16/09 12:00 AM,2009,2009 - Q2,8,41,37,1,122016,148800
4/17/09 12:00 AM,2009,2009 - Q2,1,49,3,1,1082.4,1320
4/17/09 12:00 AM,2009,2009 - Q2,1,50,2,1,18368,22400
4/17/09 12:00 AM,2009,2009 - Q2,2,49,5,1,98400,120000
4/17/09 12:00 AM,2009,2009 - Q2,2,49,6,1,49200,60000
4/17/09 12:00 AM,2009,2009 - Q2,2,50,7,2,5707.2,6960
4/17/09 12:00 AM,2009,2009 - Q2,8,49,38,1,2509.2,3060
4/20/09 12:00 AM,2009,2009 - Q2,1,55,2,1,33620,41000
4/20/09 12:00 AM,2009,2009 - Q2,2,52,7,1,3394.8,4140
4/20/09 12:00 AM,2009,2009 - Q2,2,57,5,1,159900,195000
4/20/09 12:00 AM,2009,2009 - Q2,8,52,38,1,2595.3,3165
4/20/09 12:00 AM,2009,2009 - Q2,8,57,35,1,595320,726000
4/21/09 12:00 AM,2009,2009 - Q2,2,57,7,1,5354.6,6530
4/21/09 12:00 AM,2009,2009 - Q2,3,57,12,1,5390,7000
4/21/09 12:00 AM,2009,2009 - Q2,3,57,11,1,404.25,525
4/21/09 12:00 AM,2009,2009 - Q2,3,57,9,1,19404,25200
4/22/09 12:00 AM,2009,2009 - Q2,1,60,1,1,14760,18000
4/22/09 12:00 AM,2009,2009 - Q2,3,61,9,1,17248,22400
4/22/09 12:00 AM,2009,2009 - Q2,3,63,11,1,260.7,330
4/22/09 12:00 AM,2009,2009 - Q2,8,63,38,1,2755.2,3360
4/23/09 12:00 AM,2009,2009 - Q2,1,64,3,1,2673.2,3260
4/23/09 12:00 AM,2009,2009 - Q2,3,64,11,1,358.05,465
4/23/09 12:00 AM,2009,2009 - Q2,8,64,39,1,21628.32,26376
4/23/09 12:00 AM,2009,2009 - Q2,8,65,36,1,411968,502400
4/23/09 12:00 AM,2009,2009 - Q2,8,65,39,1,42705.6,52080
4/24/09 12:00 AM,2009,2009 - Q2,1,65,4,1,1935.2,2360
4/24/09 12:00 AM,2009,2009 - Q2,2,66,5,1,77080,94000
4/24/09 12:00 AM,2009,2009 - Q2,2,66,7,1,2574.8,3140
4/24/09 12:00 AM,2009,2009 - Q2,2,67,7,2,3698.2,4510
4/24/09 12:00 AM,2009,2009 - Q2,3,65,9,1,49588,64400
4/24/09 12:00 AM,2009,2009 - Q2,3,66,9,2,19943,25900
4/27/09 12:00 AM,2009,2009 - Q2,1,71,4,1,672.4,820
4/27/09 12:00 AM,2009,2009 - Q2,1,74,4,1,541.2,660
4/27/09 12:00 AM,2009,2009 - Q2,3,71,12,1,3388,4400
4/27/09 12:00 AM,2009,2009 - Q2,3,74,9,1,9702,12600
4/27/09 12:00 AM,2009,2009 - Q2,8,72,35,1,352600,430000
4/28/09 12:00 AM,2009,2009 - Q2,2,75,5,1,152520,186000
4/28/09 12:00 AM,2009,2009 - Q2,8,75,38,1,3936,4800
4/28/09 12:00 AM,2009,2009 - Q2,8,75,37,1,123590.4,150720
4/28/09 12:00 AM,2009,2009 - Q2,8,75,39,1,21628.32,26376
4/29/09 12:00 AM,2009,2009 - Q2,1,75,1,1,25748,31400
4/29/09 12:00 AM,2009,2009 - Q2,2,75,8,1,10299.2,12560
4/29/09 12:00 AM,2009,2009 - Q2,3,75,12,1,4620,6000
4/29/09 12:00 AM,2009,2009 - Q2,3,75,11,1,346.5,450
4/30/09 12:00 AM,2009,2009 - Q2,1,75,2,1,51496,62800
4/30/09 12:00 AM,2009,2009 - Q2,3,77,11,2,577.5,750
4/30/09 12:00 AM,2009,2009 - Q2,3,77,9,2,27489,35700
4/30/09 12:00 AM,2009,2009 - Q2,8,77,38,1,3456.3,4215
4/30/09 12:00 AM,2009,2009 - Q2,8,77,35,1,436240,532000
5/1/09 12:00 AM,2009,2009 - Q2,1,77,1,1,21812,26600
5/1/09 12:00 AM,2009,2009 - Q2,1,78,1,1,10824,13200
5/1/09 12:00 AM,2009,2009 - Q2,1,78,2,1,30012,36600
5/1/09 12:00 AM,2009,2009 - Q2,2,78,7,1,3124.2,3810
5/1/09 12:00 AM,2009,2009 - Q2,8,79,36,1,130544,159200
5/1/09 12:00 AM,2009,2009 - Q2,8,80,37,1,88166.4,107520
5/4/09 12:00 AM,2009,2009 - Q2,1,81,1,1,10004,12200
5/4/09 12:00 AM,2009,2009 - Q2,2,80,5,1,109880,134000
5/4/09 12:00 AM,2009,2009 - Q2,2,80,6,1,52890,64500
5/4/09 12:00 AM,2009,2009 - Q2,2,81,8,1,5740,7000
5/4/09 12:00 AM,2009,2009 - Q2,8,83,36,1,97088,118400
5/5/09 12:00 AM,2009,2009 - Q2,2,85,7,1,3575.2,4360
5/5/09 12:00 AM,2009,2009 - Q2,8,85,35,1,344400,420000
5/5/09 12:00 AM,2009,2009 - Q2,8,85,37,1,85804.8,104640
5/5/09 12:00 AM,2009,2009 - Q2,8,86,35,1,501840,612000
5/6/09 12:00 AM,2009,2009 - Q2,2,89,6,1,46330,56500
5/6/09 12:00 AM,2009,2009 - Q2,2,90,5,1,214840,262000
5/6/09 12:00 AM,2009,2009 - Q2,2,90,8,1,13480.8,16440
5/6/09 12:00 AM,2009,2009 - Q2,3,86,9,1,22638,29400
5/7/09 12:00 AM,2009,2009 - Q2,1,91,3,1,1754.8,2140
5/7/09 12:00 AM,2009,2009 - Q2,1,22,3,1,1771.2,2160
5/7/09 12:00 AM,2009,2009 - Q2,3,91,12,1,4928,6400
5/7/09 12:00 AM,2009,2009 - Q2,3,91,9,1,24255,31500
5/7/09 12:00 AM,2009,2009 - Q2,3,26,11,1,947.7,1170
5/7/09 12:00 AM,2009,2009 - Q2,8,92,35,1,801960,978000
5/7/09 12:00 AM,2009,2009 - Q2,8,92,39,1,32029.2,39060
5/7/09 12:00 AM,2009,2009 - Q2,8,26,39,1,21042.84,25662
5/8/09 12:00 AM,2009,2009 - Q2,1,95,3,1,3189.8,3890
5/8/09 12:00 AM,2009,2009 - Q2,1,27,2,1,116440,142000
5/8/09 12:00 AM,2009,2009 - Q2,1,27,3,1,5822,7100
5/8/09 12:00 AM,2009,2009 - Q2,1,31,3,1,6305.8,7690
5/8/09 12:00 AM,2009,2009 - Q2,2,94,6,1,54530,66500
5/8/09 12:00 AM,2009,2009 - Q2,2,27,5,1,232060,283000
5/8/09 12:00 AM,2009,2009 - Q2,3,94,9,1,11858,15400
5/8/09 12:00 AM,2009,2009 - Q2,3,95,11,1,438.9,570
5/8/09 12:00 AM,2009,2009 - Q2,8,94,35,1,364080,444000
5/8/09 12:00 AM,2009,2009 - Q2,8,95,39,1,26794.32,32676
5/8/09 12:00 AM,2009,2009 - Q2,8,31,35,1,972520,1186000
5/8/09 12:00 AM,2009,2009 - Q2,8,40,36,1,105616,128800
5/11/09 12:00 AM,2009,2009 - Q2,1,41,2,1,38048,46400
5/11/09 12:00 AM,2009,2009 - Q2,1,41,3,1,1902.4,2320
5/11/09 12:00 AM,2009,2009 - Q2,2,100,5,1,82000,100000
5/11/09 12:00 AM,2009,2009 - Q2,2,50,7,1,3017.6,3680
5/11/09 12:00 AM,2009,2009 - Q2,3,98,9,1,9163,11900
5/11/09 12:00 AM,2009,2009 - Q2,3,40,11,1,189.6,240
5/11/09 12:00 AM,2009,2009 - Q2,3,50,9,1,1134,1400
5/11/09 12:00 AM,2009,2009 - Q2,8,96,35,1,282080,344000
5/11/09 12:00 AM,2009,2009 - Q2,8,98,37,1,72028.8,87840
5/11/09 12:00 AM,2009,2009 - Q2,8,100,35,1,259120,316000
5/12/09 12:00 AM,2009,2009 - Q2,1,100,2,1,27388,33400
5/12/09 12:00 AM,2009,2009 - Q2,1,101,2,1,30012,36600
5/12/09 12:00 AM,2009,2009 - Q2,1,52,2,1,51496,62800
5/12/09 12:00 AM,2009,2009 - Q2,2,57,8,1,14235.2,17360
5/12/09 12:00 AM,2009,2009 - Q2,3,100,9,1,8624,11200
5/12/09 12:00 AM,2009,2009 - Q2,3,101,11,1,288.75,375
5/12/09 12:00 AM,2009,2009 - Q2,3,55,12,1,2844,3600
5/12/09 12:00 AM,2009,2009 - Q2,3,57,11,1,1312.2,1620
5/13/09 12:00 AM,2009,2009 - Q2,2,102,8,1,6396,7800
5/13/09 12:00 AM,2009,2009 - Q2,2,102,7,1,3394.8,4140
5/13/09 12:00 AM,2009,2009 - Q2,2,61,5,1,349320,426000
5/13/09 12:00 AM,2009,2009 - Q2,2,61,8,1,23304.4,28420
5/13/09 12:00 AM,2009,2009 - Q2,3,102,10,1,10780,14000
5/13/09 12:00 AM,2009,2009 - Q2,3,65,12,1,15876,19600
5/13/09 12:00 AM,2009,2009 - Q2,8,102,36,1,135792,165600
5/13/09 12:00 AM,2009,2009 - Q2,8,61,39,1,24452.4,29820
5/14/09 12:00 AM,2009,2009 - Q2,1,102,2,1,33948,41400
5/14/09 12:00 AM,2009,2009 - Q2,1,102,3,1,1115.2,1360
5/14/09 12:00 AM,2009,2009 - Q2,1,103,1,1,10414,12700
5/14/09 12:00 AM,2009,2009 - Q2,1,67,1,1,13612,16600
5/14/09 12:00 AM,2009,2009 - Q2,1,67,3,1,1361.2,1660
5/14/09 12:00 AM,2009,2009 - Q2,3,102,9,1,15092,19600
5/14/09 12:00 AM,2009,2009 - Q2,3,103,9,1,6468,8400
5/14/09 12:00 AM,2009,2009 - Q2,8,67,39,1,8851.08,10794
5/14/09 12:00 AM,2009,2009 - Q2,8,68,36,1,76752,93600
5/14/09 12:00 AM,2009,2009 - Q2,8,71,38,1,1771.2,2160
5/15/09 12:00 AM,2009,2009 - Q2,1,103,3,1,1041.4,1270
5/15/09 12:00 AM,2009,2009 - Q2,1,71,3,1,1533.4,1870
5/15/09 12:00 AM,2009,2009 - Q2,2,104,8,1,10299.2,12560
5/15/09 12:00 AM,2009,2009 - Q2,3,104,12,1,4620,6000
5/15/09 12:00 AM,2009,2009 - Q2,3,104,11,1,346.5,450
5/15/09 12:00 AM,2009,2009 - Q2,3,104,9,2,40964,53200
5/15/09 12:00 AM,2009,2009 - Q2,3,71,10,1,14985,18500
5/15/09 12:00 AM,2009,2009 - Q2,3,74,12,1,8586,10600
5/15/09 12:00 AM,2009,2009 - Q2,8,105,35,1,316520,386000
5/15/09 12:00 AM,2009,2009 - Q2,8,72,36,1,152848,186400
5/15/09 12:00 AM,2009,2009 - Q2,8,74,39,1,15463.56,18858
5/15/09 12:00 AM,2009,2009 - Q2,8,77,37,1,67305.6,82080
5/18/09 12:00 AM,2009,2009 - Q2,2,106,7,1,3304.6,4030
5/18/09 12:00 AM,2009,2009 - Q2,2,80,5,1,71340,87000
5/18/09 12:00 AM,2009,2009 - Q2,2,85,8,1,4395.2,5360
5/18/09 12:00 AM,2009,2009 - Q2,3,106,12,1,4466,5800
5/18/09 12:00 AM,2009,2009 - Q2,3,106,11,1,334.95,435
5/18/09 12:00 AM,2009,2009 - Q2,3,77,11,1,510.3,630
5/18/09 12:00 AM,2009,2009 - Q2,3,85,10,1,14580,18000
5/18/09 12:00 AM,2009,2009 - Q2,8,106,38,2,4944.6,6030
5/18/09 12:00 AM,2009,2009 - Q2,8,106,35,1,318160,388000
5/18/09 12:00 AM,2009,2009 - Q2,8,79,39,1,9126.6,11130
5/19/09 12:00 AM,2009,2009 - Q2,1,85,1,1,15744,19200
5/19/09 12:00 AM,2009,2009 - Q2,2,108,7,1,5084,6200
5/19/09 12:00 AM,2009,2009 - Q2,3,85,12,1,5670,7000
5/19/09 12:00 AM,2009,2009 - Q2,3,85,9,1,7189,9100
5/19/09 12:00 AM,2009,2009 - Q2,8,108,37,1,122016,148800
5/19/09 12:00 AM,2009,2009 - Q2,8,108,36,1,203360,248000
5/19/09 12:00 AM,2009,2009 - Q2,8,109,36,1,83312,101600
5/19/09 12:00 AM,2009,2009 - Q2,8,86,35,1,328000,400000
5/20/09 12:00 AM,2009,2009 - Q2,1,109,2,1,20828,25400
5/20/09 12:00 AM,2009,2009 - Q2,1,86,2,1,42640,52000
5/20/09 12:00 AM,2009,2009 - Q2,2,109,8,2,8642.8,10540
5/20/09 12:00 AM,2009,2009 - Q2,2,109,7,1,2156.6,2630
5/20/09 12:00 AM,2009,2009 - Q2,2,86,5,1,98400,120000
5/20/09 12:00 AM,2009,2009 - Q2,2,90,8,1,9692.4,11820
5/20/09 12:00 AM,2009,2009 - Q2,2,90,7,1,4846.2,5910
5/20/09 12:00 AM,2009,2009 - Q2,8,109,39,1,9057.72,11046
5/21/09 12:00 AM,2009,2009 - Q2,1,92,1,1,33292,40600
5/21/09 12:00 AM,2009,2009 - Q2,2,110,5,1,89380,109000
5/21/09 12:00 AM,2009,2009 - Q2,2,93,6,1,65190,79500
5/21/09 12:00 AM,2009,2009 - Q2,3,92,12,1,12474,15400
5/21/09 12:00 AM,2009,2009 - Q2,3,92,11,1,972,1200
5/21/09 12:00 AM,2009,2009 - Q2,8,110,37,1,72028.8,87840
5/21/09 12:00 AM,2009,2009 - Q2,8,110,36,1,120048,146400
5/21/09 12:00 AM,2009,2009 - Q2,8,114,37,1,123590.4,150720
5/21/09 12:00 AM,2009,2009 - Q2,8,114,39,1,21628.32,26376
5/21/09 12:00 AM,2009,2009 - Q2,8,93,36,1,196144,239200
5/22/09 12:00 AM,2009,2009 - Q2,1,115,3,1,1492.4,1820
5/22/09 12:00 AM,2009,2009 - Q2,1,116,2,1,41492,50600
5/22/09 12:00 AM,2009,2009 - Q2,1,117,3,1,2271.4,2770
5/22/09 12:00 AM,2009,2009 - Q2,1,93,1,1,34604,42200
5/22/09 12:00 AM,2009,2009 - Q2,2,116,7,1,3854,4700
5/22/09 12:00 AM,2009,2009 - Q2,2,93,8,1,9823.6,11980
5/22/09 12:00 AM,2009,2009 - Q2,2,93,7,1,4378.8,5340
5/22/09 12:00 AM,2009,2009 - Q2,3,93,12,1,4424,5600
5/22/09 12:00 AM,2009,2009 - Q2,3,93,9,1,15484,19600
5/22/09 12:00 AM,2009,2009 - Q2,3,95,10,2,65575,81500
5/22/09 12:00 AM,2009,2009 - Q2,8,115,36,1,119392,145600
5/22/09 12:00 AM,2009,2009 - Q2,8,116,38,1,3075,3750
5/25/09 12:00 AM,2009,2009 - Q2,1,100,3,1,2156.6,2630
5/25/09 12:00 AM,2009,2009 - Q2,2,118,5,2,228780,279000
5/25/09 12:00 AM,2009,2009 - Q2,2,96,7,1,3394.8,4140
5/25/09 12:00 AM,2009,2009 - Q2,3,118,12,1,2618,3400
5/25/09 12:00 AM,2009,2009 - Q2,3,96,10,1,19845,24500
5/25/09 12:00 AM,2009,2009 - Q2,8,118,35,1,283720,346000
5/25/09 12:00 AM,2009,2009 - Q2,8,119,35,1,454280,554000
5/25/09 12:00 AM,2009,2009 - Q2,8,119,37,1,109027.2,132960
5/25/09 12:00 AM,2009,2009 - Q2,8,98,35,1,331280,404000
5/25/09 12:00 AM,2009,2009 - Q2,8,101,37,1,75571.2,92160
5/26/09 12:00 AM,2009,2009 - Q2,1,120,1,1,9512,11600
5/26/09 12:00 AM,2009,2009 - Q2,1,120,3,1,1459.6,1780
5/26/09 12:00 AM,2009,2009 - Q2,1,101,1,1,19680,24000
5/26/09 12:00 AM,2009,2009 - Q2,2,119,6,1,63550,77500
5/26/09 12:00 AM,2009,2009 - Q2,3,102,9,1,34020,42000
5/26/09 12:00 AM,2009,2009 - Q2,3,104,11,1,583.2,720
5/26/09 12:00 AM,2009,2009 - Q2,8,1,37,1,89347.2,108960
5/26/09 12:00 AM,2009,2009 - Q2,8,101,39,1,12777.24,15582
5/27/09 12:00 AM,2009,2009 - Q2,1,5,1,1,78720,96000
5/27/09 12:00 AM,2009,2009 - Q2,3,2,11,1,272.55,345
5/27/09 12:00 AM,2009,2009 - Q2,3,106,11,1,643.95,795
5/27/09 12:00 AM,2009,2009 - Q2,8,2,38,1,2865.9,3495
5/27/09 12:00 AM,2009,2009 - Q2,8,2,36,1,154816,188800
5/27/09 12:00 AM,2009,2009 - Q2,8,106,38,1,2509.2,3060
5/27/09 12:00 AM,2009,2009 - Q2,8,106,35,1,367360,448000
5/27/09 12:00 AM,2009,2009 - Q2,8,108,39,1,22041.6,26880
5/28/09 12:00 AM,2009,2009 - Q2,1,9,3,1,1730.2,2110
5/28/09 12:00 AM,2009,2009 - Q2,1,109,1,1,17466,21300
5/28/09 12:00 AM,2009,2009 - Q2,2,9,5,1,62320,76000
5/28/09 12:00 AM,2009,2009 - Q2,2,12,6,1,50840,62000
5/28/09 12:00 AM,2009,2009 - Q2,2,110,5,1,61500,75000
5/28/09 12:00 AM,2009,2009 - Q2,3,9,9,1,7189,9100
5/28/09 12:00 AM,2009,2009 - Q2,3,12,9,1,11060,14000
5/28/09 12:00 AM,2009,2009 - Q2,8,109,35,1,268960,328000
5/28/09 12:00 AM,2009,2009 - Q2,8,109,37,1,61008,74400
5/28/09 12:00 AM,2009,2009 - Q2,8,109,39,1,11330.76,13818
5/29/09 12:00 AM,2009,2009 - Q2,1,19,3,1,2164.8,2640
5/29/09 12:00 AM,2009,2009 - Q2,1,111,3,1,1689.2,2060
5/29/09 12:00 AM,2009,2009 - Q2,2,18,5,1,78720,96000
5/29/09 12:00 AM,2009,2009 - Q2,2,18,8,1,4985.6,6080
5/29/09 12:00 AM,2009,2009 - Q2,2,19,7,1,2886.4,3520
5/29/09 12:00 AM,2009,2009 - Q2,2,110,6,1,29520,36000
5/29/09 12:00 AM,2009,2009 - Q2,2,111,5,1,77900,95000
5/29/09 12:00 AM,2009,2009 - Q2,2,111,8,1,5231.6,6380
5/29/09 12:00 AM,2009,2009 - Q2,2,112,8,1,6674.8,8140
5/29/09 12:00 AM,2009,2009 - Q2,3,18,9,1,8848,11200
5/29/09 12:00 AM,2009,2009 - Q2,8,18,39,1,10469.76,12768
5/29/09 12:00 AM,2009,2009 - Q2,8,112,35,1,332920,406000
6/1/09 12:00 AM,2009,2009 - Q2,1,26,1,1,40426,49300
6/1/09 12:00 AM,2009,2009 - Q2,1,114,3,2,6059.8,7390
6/1/09 12:00 AM,2009,2009 - Q2,1,117,3,1,3804.8,4640
6/1/09 12:00 AM,2009,2009 - Q2,2,27,5,1,236160,288000
6/1/09 12:00 AM,2009,2009 - Q2,3,26,10,1,11850,15000
6/1/09 12:00 AM,2009,2009 - Q2,3,114,9,1,38556,47600
6/1/09 12:00 AM,2009,2009 - Q2,3,117,10,2,47885,59500
6/1/09 12:00 AM,2009,2009 - Q2,8,26,39,1,21421.68,26124
6/1/09 12:00 AM,2009,2009 - Q2,8,28,37,1,72422.4,88320
6/1/09 12:00 AM,2009,2009 - Q2,8,119,36,1,169248,206400
6/2/09 12:00 AM,2009,2009 - Q2,1,28,3,1,2205.8,2690
6/2/09 12:00 AM,2009,2009 - Q2,1,30,1,1,37966,46300
6/2/09 12:00 AM,2009,2009 - Q2,2,28,5,1,90200,110000
6/2/09 12:00 AM,2009,2009 - Q2,8,30,35,1,488720,596000
6/3/09 12:00 AM,2009,2009 - Q2,2,31,8,1,40294.8,49140
6/3/09 12:00 AM,2009,2009 - Q2,2,32,6,1,184090,224500
6/3/09 12:00 AM,2009,2009 - Q2,8,31,38,1,7047.9,8595
6/3/09 12:00 AM,2009,2009 - Q2,8,32,35,1,613360,748000
6/4/09 12:00 AM,2009,2009 - Q2,1,38,3,1,1451.4,1770
6/4/09 12:00 AM,2009,2009 - Q2,8,38,38,1,2214,2700
6/4/09 12:00 AM,2009,2009 - Q2,8,40,38,1,1845,2250
6/4/09 12:00 AM,2009,2009 - Q2,8,40,35,1,249280,304000
6/4/09 12:00 AM,2009,2009 - Q2,8,41,39,1,22041.6,26880
6/5/09 12:00 AM,2009,2009 - Q2,1,49,3,1,2394.4,2920
6/5/09 12:00 AM,2009,2009 - Q2,1,50,3,1,2320.6,2830
6/5/09 12:00 AM,2009,2009 - Q2,2,49,5,1,95940,117000
6/5/09 12:00 AM,2009,2009 - Q2,2,55,8,1,10135.2,12360
6/5/09 12:00 AM,2009,2009 - Q2,8,52,38,1,2447.7,2985
6/5/09 12:00 AM,2009,2009 - Q2,8,57,37,1,159408,194400
6/8/09 12:00 AM,2009,2009 - Q2,1,63,2,1,57400,70000
6/8/09 12:00 AM,2009,2009 - Q2,3,61,10,1,13035,16500
6/8/09 12:00 AM,2009,2009 - Q2,8,61,35,1,524800,640000
6/8/09 12:00 AM,2009,2009 - Q2,8,63,38,1,2829,3450
6/8/09 12:00 AM,2009,2009 - Q2,8,63,39,1,16083.48,19614
6/9/09 12:00 AM,2009,2009 - Q2,2,68,6,1,48380,59000
6/9/09 12:00 AM,2009,2009 - Q2,3,66,11,1,177.75,225
6/9/09 12:00 AM,2009,2009 - Q2,8,65,36,1,419840,512000
6/9/09 12:00 AM,2009,2009 - Q2,8,68,36,1,128576,156800
6/10/09 12:00 AM,2009,2009 - Q2,3,68,10,1,7505,9500
6/10/09 12:00 AM,2009,2009 - Q2,3,68,12,1,3002,3800
6/10/09 12:00 AM,2009,2009 - Q2,8,71,35,1,411640,502000
6/10/09 12:00 AM,2009,2009 - Q2,8,71,37,1,56678.4,69120
6/11/09 12:00 AM,2009,2009 - Q2,2,71,5,1,123000,150000
6/11/09 12:00 AM,2009,2009 - Q2,2,72,6,1,58630,71500
6/11/09 12:00 AM,2009,2009 - Q2,3,72,10,1,9085,11500
6/11/09 12:00 AM,2009,2009 - Q2,8,72,37,1,93676.8,114240
6/11/09 12:00 AM,2009,2009 - Q2,8,74,36,1,133168,162400
6/12/09 12:00 AM,2009,2009 - Q2,1,80,2,2,99384,121200
6/12/09 12:00 AM,2009,2009 - Q2,2,79,5,1,113160,138000
6/12/09 12:00 AM,2009,2009 - Q2,2,80,8,1,7609.6,9280
6/12/09 12:00 AM,2009,2009 - Q2,3,74,10,1,7900,10000
6/12/09 12:00 AM,2009,2009 - Q2,3,77,9,1,8848,11200
6/12/09 12:00 AM,2009,2009 - Q2,8,75,39,1,12880.56,15708
6/15/09 12:00 AM,2009,2009 - Q2,1,83,1,1,13366,16300
6/15/09 12:00 AM,2009,2009 - Q2,1,86,1,1,40754,49700
6/15/09 12:00 AM,2009,2009 - Q2,1,86,2,1,81508,99400
6/15/09 12:00 AM,2009,2009 - Q2,2,90,6,1,115210,140500
6/15/09 12:00 AM,2009,2009 - Q2,8,89,39,1,13362.72,16296
6/16/09 12:00 AM,2009,2009 - Q2,1,91,1,2,88888,108400
6/16/09 12:00 AM,2009,2009 - Q2,3,91,10,2,27650,35000
6/16/09 12:00 AM,2009,2009 - Q2,3,91,11,1,402.9,510
6/16/09 12:00 AM,2009,2009 - Q2,8,92,37,1,115718.4,141120
6/17/09 12:00 AM,2009,2009 - Q2,1,95,3,1,5116.8,6240
6/17/09 12:00 AM,2009,2009 - Q2,2,93,7,1,4321.4,5270
6/17/09 12:00 AM,2009,2009 - Q2,2,95,6,2,208280,254000
6/17/09 12:00 AM,2009,2009 - Q2,3,92,11,1,319.95,405
6/18/09 12:00 AM,2009,2009 - Q2,1,96,1,1,23206,28300
6/18/09 12:00 AM,2009,2009 - Q2,2,96,5,1,92660,113000
6/18/09 12:00 AM,2009,2009 - Q2,2,98,7,1,3198,3900
6/18/09 12:00 AM,2009,2009 - Q2,3,100,10,1,6715,8500
6/18/09 12:00 AM,2009,2009 - Q2,8,100,37,1,70454.4,85920
6/19/09 12:00 AM,2009,2009 - Q2,2,101,6,1,47560,58000
6/19/09 12:00 AM,2009,2009 - Q2,3,100,12,1,2844,3600
6/19/09 12:00 AM,2009,2009 - Q2,3,100,11,1,201.45,255
6/19/09 12:00 AM,2009,2009 - Q2,3,101,12,1,2772,3600
6/19/09 12:00 AM,2009,2009 - Q2,3,101,11,1,207.9,270
6/19/09 12:00 AM,2009,2009 - Q2,8,101,36,1,131856,160800
6/22/09 12:00 AM,2009,2009 - Q2,1,101,3,1,2074.6,2530
6/22/09 12:00 AM,2009,2009 - Q2,1,105,3,1,1492.4,1820
6/22/09 12:00 AM,2009,2009 - Q2,3,105,11,1,219.45,285
6/22/09 12:00 AM,2009,2009 - Q2,8,105,35,1,336200,410000
6/22/09 12:00 AM,2009,2009 - Q2,8,106,35,1,364080,444000
6/23/09 12:00 AM,2009,2009 - Q2,3,108,12,1,5056,6400
6/23/09 12:00 AM,2009,2009 - Q2,8,106,36,1,145632,177600
6/23/09 12:00 AM,2009,2009 - Q2,8,106,39,1,14740.32,17976
6/23/09 12:00 AM,2009,2009 - Q2,8,109,39,1,10022.04,12222
6/24/09 12:00 AM,2009,2009 - Q2,1,111,2,1,38868,47400
6/24/09 12:00 AM,2009,2009 - Q2,2,109,7,1,2386.2,2910
6/24/09 12:00 AM,2009,2009 - Q2,2,110,7,1,1886,2300
6/24/09 12:00 AM,2009,2009 - Q2,2,111,8,1,5182.4,6320
6/25/09 12:00 AM,2009,2009 - Q2,3,114,11,1,346.5,450
6/25/09 12:00 AM,2009,2009 - Q2,3,116,11,1,308.1,390
6/25/09 12:00 AM,2009,2009 - Q2,8,112,36,1,125952,153600
6/25/09 12:00 AM,2009,2009 - Q2,8,112,39,1,13224.96,16128
6/25/09 12:00 AM,2009,2009 - Q2,8,119,37,1,107452.8,131040
6/26/09 12:00 AM,2009,2009 - Q2,1,120,3,1,2386.2,2910
6/26/09 12:00 AM,2009,2009 - Q2,2,5,7,1,10692.8,13040
6/26/09 12:00 AM,2009,2009 - Q2,8,120,36,1,131856,160800
6/26/09 12:00 AM,2009,2009 - Q2,8,120,39,1,13362.72,16296
6/26/09 12:00 AM,2009,2009 - Q2,8,5,39,1,44909.76,54768
6/26/09 12:00 AM,2009,2009 - Q2,8,9,36,1,101024,123200
6/29/09 12:00 AM,2009,2009 - Q2,2,12,6,1,48790,59500
6/29/09 12:00 AM,2009,2009 - Q2,3,12,9,1,11613,14700
6/29/09 12:00 AM,2009,2009 - Q2,8,12,38,1,2619.9,3195
6/29/09 12:00 AM,2009,2009 - Q2,8,12,37,1,78720,96000
6/29/09 12:00 AM,2009,2009 - Q2,8,15,36,1,87248,106400
6/30/09 12:00 AM,2009,2009 - Q2,2,15,7,1,2041.8,2490
6/30/09 12:00 AM,2009,2009 - Q2,2,19,8,1,6133.6,7480
6/30/09 12:00 AM,2009,2009 - Q2,2,22,8,1,4723.2,5760
6/30/09 12:00 AM,2009,2009 - Q2,3,18,12,1,6480,8000
7/1/09 12:00 AM,2009,2009 - Q3,2,3,7,1,3837.6,4680
7/1/09 12:00 AM,2009,2009 - Q3,3,3,11,1,2721.6,3240
7/1/09 12:00 AM,2009,2009 - Q3,8,3,38,1,2632.2,3210
7/2/09 12:00 AM,2009,2009 - Q3,1,5,3,1,7019.2,8560
7/2/09 12:00 AM,2009,2009 - Q3,1,12,2,1,41000,50000
7/2/09 12:00 AM,2009,2009 - Q3,3,3,9,2,250488,298200
7/2/09 12:00 AM,2009,2009 - Q3,3,12,9,1,101724,121100
7/2/09 12:00 AM,2009,2009 - Q3,8,13,38,1,3628.5,4425
7/3/09 12:00 AM,2009,2009 - Q3,1,15,1,1,15088,18400
7/3/09 12:00 AM,2009,2009 - Q3,2,15,8,1,4805.2,5860
7/3/09 12:00 AM,2009,2009 - Q3,3,13,12,1,48888,58200
7/3/09 12:00 AM,2009,2009 - Q3,8,13,37,1,121622.4,148320
7/3/09 12:00 AM,2009,2009 - Q3,8,13,36,1,202704,247200
7/3/09 12:00 AM,2009,2009 - Q3,8,15,37,1,55497.6,67680
7/6/09 12:00 AM,2009,2009 - Q3,1,19,2,1,41328,50400
7/6/09 12:00 AM,2009,2009 - Q3,1,19,3,1,2058.2,2510
7/6/09 12:00 AM,2009,2009 - Q3,3,19,9,2,5250,6300
7/6/09 12:00 AM,2009,2009 - Q3,8,19,35,1,318160,388000
7/7/09 12:00 AM,2009,2009 - Q3,2,22,5,1,74620,91000
7/7/09 12:00 AM,2009,2009 - Q3,2,22,6,1,41820,51000
7/7/09 12:00 AM,2009,2009 - Q3,3,57,11,1,13932,16200
7/7/09 12:00 AM,2009,2009 - Q3,8,22,38,1,1771.2,2160
7/7/09 12:00 AM,2009,2009 - Q3,8,22,36,1,100368,122400
7/7/09 12:00 AM,2009,2009 - Q3,8,104,35,1,337840,412000
7/8/09 12:00 AM,2009,2009 - Q3,1,22,1,1,16236,19800
7/8/09 12:00 AM,2009,2009 - Q3,2,24,6,1,28700,35000
7/8/09 12:00 AM,2009,2009 - Q3,3,22,10,2,6855,8000
7/8/09 12:00 AM,2009,2009 - Q3,3,22,9,1,3528,4200
7/8/09 12:00 AM,2009,2009 - Q3,8,24,39,2,16324.56,19908
7/9/09 12:00 AM,2009,2009 - Q3,1,24,2,1,25584,31200
7/9/09 12:00 AM,2009,2009 - Q3,1,24,3,1,1238.2,1510
7/9/09 12:00 AM,2009,2009 - Q3,1,26,1,1,35998,43900
7/9/09 12:00 AM,2009,2009 - Q3,2,26,5,1,165640,202000
7/9/09 12:00 AM,2009,2009 - Q3,8,26,35,1,575640,702000
7/10/09 12:00 AM,2009,2009 - Q3,1,26,3,1,3599.8,4390
7/10/09 12:00 AM,2009,2009 - Q3,1,27,2,1,112504,137200
7/10/09 12:00 AM,2009,2009 - Q3,2,30,6,1,45100,55000
7/10/09 12:00 AM,2009,2009 - Q3,2,30,8,2,12562.4,15320
7/10/09 12:00 AM,2009,2009 - Q3,2,30,7,1,3583.4,4370
7/10/09 12:00 AM,2009,2009 - Q3,8,30,37,1,85804.8,104640
7/13/09 12:00 AM,2009,2009 - Q3,1,30,1,1,21074,25700
7/13/09 12:00 AM,2009,2009 - Q3,2,31,6,1,302580,369000
7/13/09 12:00 AM,2009,2009 - Q3,8,31,35,1,1082400,1320000
7/13/09 12:00 AM,2009,2009 - Q3,8,31,37,1,254265.6,310080
7/14/09 12:00 AM,2009,2009 - Q3,3,31,10,1,249480,297000
7/14/09 12:00 AM,2009,2009 - Q3,3,31,12,1,24786,30600
7/14/09 12:00 AM,2009,2009 - Q3,3,31,9,1,342216,407400
7/14/09 12:00 AM,2009,2009 - Q3,8,40,36,1,102336,124800
7/15/09 12:00 AM,2009,2009 - Q3,1,40,2,1,35096,42800
7/15/09 12:00 AM,2009,2009 - Q3,3,40,11,1,461.7,570
7/15/09 12:00 AM,2009,2009 - Q3,3,49,11,1,113.4,135
7/15/09 12:00 AM,2009,2009 - Q3,8,41,37,1,77145.6,94080
7/15/09 12:00 AM,2009,2009 - Q3,8,49,39,2,30548.28,37254
7/16/09 12:00 AM,2009,2009 - Q3,1,52,2,1,47396,57800
7/16/09 12:00 AM,2009,2009 - Q3,2,52,5,1,116440,142000
7/16/09 12:00 AM,2009,2009 - Q3,3,52,11,1,126,150
7/16/09 12:00 AM,2009,2009 - Q3,8,52,36,1,146288,178400
7/16/09 12:00 AM,2009,2009 - Q3,8,55,38,1,2300.1,2805
7/17/09 12:00 AM,2009,2009 - Q3,2,55,5,1,100860,123000
7/17/09 12:00 AM,2009,2009 - Q3,2,55,6,1,52480,64000
7/17/09 12:00 AM,2009,2009 - Q3,2,55,8,1,6412.4,7820
7/17/09 12:00 AM,2009,2009 - Q3,3,55,9,1,108780,129500
7/17/09 12:00 AM,2009,2009 - Q3,8,55,37,2,174758.4,213120
7/17/09 12:00 AM,2009,2009 - Q3,8,55,36,1,140384,171200
7/20/09 12:00 AM,2009,2009 - Q3,3,61,12,1,58800,70000
7/20/09 12:00 AM,2009,2009 - Q3,3,65,11,1,1227.15,1515
7/20/09 12:00 AM,2009,2009 - Q3,8,61,36,1,263712,321600
7/20/09 12:00 AM,2009,2009 - Q3,8,65,37,1,160195.2,195360
7/21/09 12:00 AM,2009,2009 - Q3,2,67,6,1,32390,39500
7/21/09 12:00 AM,2009,2009 - Q3,8,67,37,2,112963.2,137760
7/21/09 12:00 AM,2009,2009 - Q3,8,71,35,1,250920,306000
7/21/09 12:00 AM,2009,2009 - Q3,8,71,37,1,60220.8,73440
7/22/09 12:00 AM,2009,2009 - Q3,2,72,5,1,116440,142000
7/22/09 12:00 AM,2009,2009 - Q3,2,72,7,1,3755.6,4580
7/22/09 12:00 AM,2009,2009 - Q3,3,72,11,1,2494.8,2970
7/22/09 12:00 AM,2009,2009 - Q3,8,72,35,1,362440,442000
7/22/09 12:00 AM,2009,2009 - Q3,8,72,39,1,15773.52,19236
7/23/09 12:00 AM,2009,2009 - Q3,1,74,2,2,103484,126200
7/23/09 12:00 AM,2009,2009 - Q3,2,77,6,1,45920,56000
7/23/09 12:00 AM,2009,2009 - Q3,2,77,7,1,2976.6,3630
7/23/09 12:00 AM,2009,2009 - Q3,3,72,9,1,31752,39200
7/23/09 12:00 AM,2009,2009 - Q3,8,74,38,1,2767.5,3375
7/24/09 12:00 AM,2009,2009 - Q3,1,80,1,1,16974,20700
7/24/09 12:00 AM,2009,2009 - Q3,2,85,5,1,77080,94000
7/24/09 12:00 AM,2009,2009 - Q3,3,77,10,1,68040,81000
7/24/09 12:00 AM,2009,2009 - Q3,3,80,10,1,2940,3500
7/24/09 12:00 AM,2009,2009 - Q3,3,80,9,1,3528,4200
7/24/09 12:00 AM,2009,2009 - Q3,8,80,38,1,1845,2250
7/27/09 12:00 AM,2009,2009 - Q3,1,90,3,1,3485,4250
7/27/09 12:00 AM,2009,2009 - Q3,8,86,38,1,2238.6,2730
7/27/09 12:00 AM,2009,2009 - Q3,8,86,39,1,14154.84,17262
7/27/09 12:00 AM,2009,2009 - Q3,8,91,35,1,626480,764000
7/28/09 12:00 AM,2009,2009 - Q3,1,91,1,1,40672,49600
7/28/09 12:00 AM,2009,2009 - Q3,3,91,10,1,154560,184000
7/28/09 12:00 AM,2009,2009 - Q3,3,91,12,1,59808,71200
7/28/09 12:00 AM,2009,2009 - Q3,3,91,9,2,418656,498400
7/29/09 12:00 AM,2009,2009 - Q3,1,91,3,1,4067.2,4960
7/29/09 12:00 AM,2009,2009 - Q3,1,92,2,1,70848,86400
7/29/09 12:00 AM,2009,2009 - Q3,2,92,8,1,21205.2,25860
7/29/09 12:00 AM,2009,2009 - Q3,8,92,35,1,529720,646000
7/29/09 12:00 AM,2009,2009 - Q3,8,92,36,1,211888,258400
7/30/09 12:00 AM,2009,2009 - Q3,1,93,1,2,61336,74800
7/30/09 12:00 AM,2009,2009 - Q3,2,93,6,1,72160,88000
7/30/09 12:00 AM,2009,2009 - Q3,3,93,10,1,107100,127500
7/30/09 12:00 AM,2009,2009 - Q3,8,93,37,1,111388.8,135840
7/30/09 12:00 AM,2009,2009 - Q3,8,93,36,1,192208,234400
7/31/09 12:00 AM,2009,2009 - Q3,1,95,3,1,5403.8,6590
7/31/09 12:00 AM,2009,2009 - Q3,1,96,1,1,23288,28400
7/31/09 12:00 AM,2009,2009 - Q3,2,96,7,1,3214.4,3920
7/31/09 12:00 AM,2009,2009 - Q3,3,94,10,1,184040,214000
7/31/09 12:00 AM,2009,2009 - Q3,3,96,9,1,103488,123200
7/31/09 12:00 AM,2009,2009 - Q3,8,96,39,1,15084.72,18396
8/3/09 12:00 AM,2009,2009 - Q3,1,96,3,1,2328.8,2840
8/3/09 12:00 AM,2009,2009 - Q3,1,98,2,1,44280,54000
8/3/09 12:00 AM,2009,2009 - Q3,2,61,6,1,0,0
8/3/09 12:00 AM,2009,2009 - Q3,2,104,7,1,3386.6,4130
8/3/09 12:00 AM,2009,2009 - Q3,8,98,37,1,82262.4,100320
8/3/09 12:00 AM,2009,2009 - Q3,8,98,39,2,28791.84,35112
8/3/09 12:00 AM,2009,2009 - Q3,8,111,36,1,115456,140800
8/4/09 12:00 AM,2009,2009 - Q3,1,100,1,1,21730,26500
8/4/09 12:00 AM,2009,2009 - Q3,1,104,1,1,13448,16400
8/4/09 12:00 AM,2009,2009 - Q3,2,100,5,1,100040,122000
8/4/09 12:00 AM,2009,2009 - Q3,3,61,12,1,124528,144800
8/4/09 12:00 AM,2009,2009 - Q3,3,111,11,1,193.5,225
8/4/09 12:00 AM,2009,2009 - Q3,8,100,38,1,2460,3000
8/4/09 12:00 AM,2009,2009 - Q3,8,100,39,1,14568.12,17766
8/5/09 12:00 AM,2009,2009 - Q3,1,101,1,1,22222,27100
8/5/09 12:00 AM,2009,2009 - Q3,2,102,5,1,131200,160000
8/5/09 12:00 AM,2009,2009 - Q3,3,102,11,1,3011.4,3585
8/5/09 12:00 AM,2009,2009 - Q3,3,104,12,1,31416,37400
8/5/09 12:00 AM,2009,2009 - Q3,3,105,11,1,1612.8,1920
8/5/09 12:00 AM,2009,2009 - Q3,8,65,38,1,4145.1,5055
8/5/09 12:00 AM,2009,2009 - Q3,8,106,36,1,177120,216000
8/5/09 12:00 AM,2009,2009 - Q3,8,112,35,1,464120,566000
8/6/09 12:00 AM,2009,2009 - Q3,1,109,3,1,1812.2,2210
8/6/09 12:00 AM,2009,2009 - Q3,2,109,6,1,40590,49500
8/6/09 12:00 AM,2009,2009 - Q3,2,112,6,1,57810,70500
8/6/09 12:00 AM,2009,2009 - Q3,3,105,9,1,78204,93100
8/6/09 12:00 AM,2009,2009 - Q3,3,108,11,1,3540.6,4215
8/6/09 12:00 AM,2009,2009 - Q3,8,109,39,1,11812.92,14406
8/6/09 12:00 AM,2009,2009 - Q3,8,65,36,1,266336,324800
8/6/09 12:00 AM,2009,2009 - Q3,8,106,39,1,18597.6,22680
8/7/09 12:00 AM,2009,2009 - Q3,1,110,3,1,1484.2,1810
8/7/09 12:00 AM,2009,2009 - Q3,2,110,8,1,4428,5400
8/7/09 12:00 AM,2009,2009 - Q3,3,110,9,1,2940,3500
8/7/09 12:00 AM,2009,2009 - Q3,8,110,38,1,1512.9,1845
8/7/09 12:00 AM,2009,2009 - Q3,8,111,35,1,262400,320000
8/7/09 12:00 AM,2009,2009 - Q3,8,112,39,1,16117.92,19656
8/7/09 12:00 AM,2009,2009 - Q3,8,65,39,1,26381.04,32172
8/7/09 12:00 AM,2009,2009 - Q3,8,108,39,1,23143.68,28224
8/7/09 12:00 AM,2009,2009 - Q3,8,114,38,1,3296.4,4020
8/8/09 12:00 AM,2009,2009 - Q3,2,65,5,1,187780,229000
8/8/09 12:00 AM,2009,2009 - Q3,2,108,7,1,5608.8,6840
8/8/09 12:00 AM,2009,2009 - Q3,3,114,10,1,294120,342000
8/10/09 12:00 AM,2009,2009 - Q3,1,117,3,1,4239.4,5170
8/10/09 12:00 AM,2009,2009 - Q3,2,112,8,1,7675.2,9360
8/10/09 12:00 AM,2009,2009 - Q3,8,114,36,1,191552,233600
8/10/09 12:00 AM,2009,2009 - Q3,8,119,35,1,492000,600000
8/11/09 12:00 AM,2009,2009 - Q3,1,3,2,1,33292,40600
8/11/09 12:00 AM,2009,2009 - Q3,1,3,3,1,1664.6,2030
8/11/09 12:00 AM,2009,2009 - Q3,2,119,8,1,9856.4,12020
8/11/09 12:00 AM,2009,2009 - Q3,8,5,37,2,429811.2,524160
8/12/09 12:00 AM,2009,2009 - Q3,2,12,8,1,6543.6,7980
8/12/09 12:00 AM,2009,2009 - Q3,2,12,7,1,3468.6,4230
8/12/09 12:00 AM,2009,2009 - Q3,3,5,9,1,628488,730800
8/12/09 12:00 AM,2009,2009 - Q3,3,9,9,1,157724,183400
8/12/09 12:00 AM,2009,2009 - Q3,8,12,37,1,78326.4,95520
8/13/09 12:00 AM,2009,2009 - Q3,1,13,2,1,43952,53600
8/13/09 12:00 AM,2009,2009 - Q3,3,12,10,1,75180,89500
8/13/09 12:00 AM,2009,2009 - Q3,8,13,39,1,23143.68,28224
8/13/09 12:00 AM,2009,2009 - Q3,8,15,38,1,1746.6,2130
8/13/09 12:00 AM,2009,2009 - Q3,8,15,36,1,108896,132800
8/14/09 12:00 AM,2009,2009 - Q3,1,15,3,1,1082.4,1320
8/14/09 12:00 AM,2009,2009 - Q3,2,15,8,1,4969.2,6060
8/14/09 12:00 AM,2009,2009 - Q3,2,18,6,1,44690,54500
8/14/09 12:00 AM,2009,2009 - Q3,3,15,12,1,22848,27200
8/14/09 12:00 AM,2009,2009 - Q3,8,18,38,1,2103.3,2565
8/14/09 12:00 AM,2009,2009 - Q3,8,18,37,1,72028.8,87840
8/17/09 12:00 AM,2009,2009 - Q3,1,114,1,1,22304,27200
8/17/09 12:00 AM,2009,2009 - Q3,2,65,8,1,12562.4,15320
8/17/09 12:00 AM,2009,2009 - Q3,3,18,10,1,68880,82000
8/17/09 12:00 AM,2009,2009 - Q3,3,18,12,1,60200,70000
8/17/09 12:00 AM,2009,2009 - Q3,3,19,12,1,3268,3800
8/17/09 12:00 AM,2009,2009 - Q3,3,19,9,1,10836,12600
8/17/09 12:00 AM,2009,2009 - Q3,3,108,11,1,8823.6,10260
8/18/09 12:00 AM,2009,2009 - Q3,1,67,1,1,9102,11100
8/18/09 12:00 AM,2009,2009 - Q3,1,108,3,1,2197.6,2680
8/18/09 12:00 AM,2009,2009 - Q3,2,22,6,1,43460,53000
8/18/09 12:00 AM,2009,2009 - Q3,3,22,10,1,6450,7500
8/18/09 12:00 AM,2009,2009 - Q3,8,24,38,1,1426.8,1740
8/18/09 12:00 AM,2009,2009 - Q3,8,24,37,1,53923.2,65760
8/18/09 12:00 AM,2009,2009 - Q3,8,117,35,2,1312000,1600000
8/19/09 12:00 AM,2009,2009 - Q3,1,24,2,1,17220,21000
8/19/09 12:00 AM,2009,2009 - Q3,1,109,1,1,12710,15500
8/19/09 12:00 AM,2009,2009 - Q3,2,26,8,1,12628,15400
8/19/09 12:00 AM,2009,2009 - Q3,3,24,10,1,110080,128000
8/19/09 12:00 AM,2009,2009 - Q3,3,24,9,1,148694,172900
8/19/09 12:00 AM,2009,2009 - Q3,3,26,12,1,119024,138400
8/19/09 12:00 AM,2009,2009 - Q3,3,68,10,1,104060,121000
8/19/09 12:00 AM,2009,2009 - Q3,8,117,36,1,247312,301600
8/20/09 12:00 AM,2009,2009 - Q3,1,26,1,1,25174,30700
8/20/09 12:00 AM,2009,2009 - Q3,1,68,1,1,8118,9900
8/20/09 12:00 AM,2009,2009 - Q3,1,117,2,1,55432,67600
8/20/09 12:00 AM,2009,2009 - Q3,2,31,7,1,22041.6,26880
8/20/09 12:00 AM,2009,2009 - Q3,2,110,6,1,0,0
8/20/09 12:00 AM,2009,2009 - Q3,3,27,11,1,5972.4,7110
8/20/09 12:00 AM,2009,2009 - Q3,8,27,37,1,207820.8,253440
8/20/09 12:00 AM,2009,2009 - Q3,8,30,36,1,148912,181600
8/21/09 12:00 AM,2009,2009 - Q3,1,31,2,1,87904,107200
8/21/09 12:00 AM,2009,2009 - Q3,1,40,3,1,1197.2,1460
8/21/09 12:00 AM,2009,2009 - Q3,1,119,2,1,44444,54200
8/21/09 12:00 AM,2009,2009 - Q3,2,41,5,2,195160,238000
8/21/09 12:00 AM,2009,2009 - Q3,2,41,7,1,3329.2,4060
8/21/09 12:00 AM,2009,2009 - Q3,2,110,7,1,2689.6,3280
8/21/09 12:00 AM,2009,2009 - Q3,3,40,10,1,136310,158500
8/21/09 12:00 AM,2009,2009 - Q3,8,40,35,1,300120,366000
8/21/09 12:00 AM,2009,2009 - Q3,8,71,35,1,288640,352000
8/22/09 12:00 AM,2009,2009 - Q3,1,119,3,1,2427.2,2960
8/22/09 12:00 AM,2009,2009 - Q3,3,110,12,1,2752,3200
8/22/09 12:00 AM,2009,2009 - Q3,8,72,36,1,182368,222400
8/24/09 12:00 AM,2009,2009 - Q3,3,41,11,1,2293.2,2730
8/24/09 12:00 AM,2009,2009 - Q3,3,41,9,1,107016,127400
8/24/09 12:00 AM,2009,2009 - Q3,8,49,36,1,150880,184000
8/24/09 12:00 AM,2009,2009 - Q3,8,50,37,1,86985.6,106080
8/25/09 12:00 AM,2009,2009 - Q3,1,51,1,1,7872,9600
8/25/09 12:00 AM,2009,2009 - Q3,2,51,7,1,1984.4,2420
8/25/09 12:00 AM,2009,2009 - Q3,8,50,36,1,144976,176800
8/25/09 12:00 AM,2009,2009 - Q3,8,50,39,1,14292.6,17430
8/26/09 12:00 AM,2009,2009 - Q3,1,52,2,1,52152,63600
8/26/09 12:00 AM,2009,2009 - Q3,2,52,6,1,64370,78500
8/26/09 12:00 AM,2009,2009 - Q3,3,52,9,1,13846,16100
8/26/09 12:00 AM,2009,2009 - Q3,8,52,37,1,96432,117600
8/26/09 12:00 AM,2009,2009 - Q3,8,55,37,1,96825.6,118080
8/27/09 12:00 AM,2009,2009 - Q3,2,57,6,1,121770,148500
8/27/09 12:00 AM,2009,2009 - Q3,3,55,10,1,184040,214000
8/27/09 12:00 AM,2009,2009 - Q3,3,57,10,1,187740,223500
8/27/09 12:00 AM,2009,2009 - Q3,8,65,38,1,3997.5,4875
8/27/09 12:00 AM,2009,2009 - Q3,8,65,36,1,242064,295200
8/28/09 12:00 AM,2009,2009 - Q3,3,65,9,1,385280,448000
8/28/09 12:00 AM,2009,2009 - Q3,3,71,12,1,54008,62800
8/28/09 12:00 AM,2009,2009 - Q3,8,65,39,1,25451.16,31038
8/28/09 12:00 AM,2009,2009 - Q3,8,67,38,1,1451.4,1770
8/28/09 12:00 AM,2009,2009 - Q3,8,67,37,1,52742.4,64320
8/28/09 12:00 AM,2009,2009 - Q3,8,71,37,1,62188.8,75840
8/31/09 12:00 AM,2009,2009 - Q3,1,71,2,1,21976,26800
8/31/09 12:00 AM,2009,2009 - Q3,3,74,12,1,65876,76600
8/31/09 12:00 AM,2009,2009 - Q3,8,77,38,1,2300.1,2805
8/31/09 12:00 AM,2009,2009 - Q3,8,77,35,1,337840,412000
9/1/09 12:00 AM,2009,2009 - Q3,2,77,5,1,100860,123000
9/1/09 12:00 AM,2009,2009 - Q3,3,77,11,1,4940.7,5745
9/1/09 12:00 AM,2009,2009 - Q3,8,77,39,1,14223.72,17346
9/1/09 12:00 AM,2009,2009 - Q3,8,78,35,1,195160,238000
9/2/09 12:00 AM,2009,2009 - Q3,1,78,1,1,7954,9700
9/2/09 12:00 AM,2009,2009 - Q3,1,79,3,1,984,1200
9/2/09 12:00 AM,2009,2009 - Q3,1,80,2,1,22960,28000
9/2/09 12:00 AM,2009,2009 - Q3,2,80,5,1,86100,105000
9/2/09 12:00 AM,2009,2009 - Q3,8,85,35,1,280440,342000
9/3/09 12:00 AM,2009,2009 - Q3,3,85,10,1,132440,154000
9/3/09 12:00 AM,2009,2009 - Q3,3,86,10,1,181890,211500
9/3/09 12:00 AM,2009,2009 - Q3,3,86,11,1,5650.2,6570
9/3/09 12:00 AM,2009,2009 - Q3,8,86,38,1,2546.1,3105
9/3/09 12:00 AM,2009,2009 - Q3,8,90,35,2,1202120,1466000
9/4/09 12:00 AM,2009,2009 - Q3,1,91,2,1,57072,69600
9/4/09 12:00 AM,2009,2009 - Q3,2,90,8,1,11808,14400
9/4/09 12:00 AM,2009,2009 - Q3,2,91,7,1,14325.4,17470
9/4/09 12:00 AM,2009,2009 - Q3,2,92,6,1,170150,207500
9/4/09 12:00 AM,2009,2009 - Q3,2,92,8,1,25124.8,30640
9/4/09 12:00 AM,2009,2009 - Q3,8,91,35,1,715040,872000
9/7/09 12:00 AM,2009,2009 - Q3,2,72,6,2,132430,161500
9/7/09 12:00 AM,2009,2009 - Q3,3,92,10,1,285520,332000
9/7/09 12:00 AM,2009,2009 - Q3,3,92,12,1,52248,62200
9/7/09 12:00 AM,2009,2009 - Q3,3,93,12,1,45864,54600
9/7/09 12:00 AM,2009,2009 - Q3,3,93,11,1,3439.8,4095
9/7/09 12:00 AM,2009,2009 - Q3,8,111,35,1,308320,376000
9/8/09 12:00 AM,2009,2009 - Q3,1,96,3,1,1361.2,1660
9/8/09 12:00 AM,2009,2009 - Q3,1,72,1,1,18122,22100
9/8/09 12:00 AM,2009,2009 - Q3,2,96,6,1,47970,58500
9/8/09 12:00 AM,2009,2009 - Q3,2,97,8,1,3903.2,4760
9/8/09 12:00 AM,2009,2009 - Q3,8,97,39,1,8196.72,9996
9/9/09 12:00 AM,2009,2009 - Q3,1,101,2,2,59368,72400
9/9/09 12:00 AM,2009,2009 - Q3,2,100,6,1,53300,65000
9/9/09 12:00 AM,2009,2009 - Q3,3,97,12,1,36808,42800
9/9/09 12:00 AM,2009,2009 - Q3,3,98,9,1,241402,280700
9/9/09 12:00 AM,2009,2009 - Q3,3,100,12,1,67424,78400
9/9/09 12:00 AM,2009,2009 - Q3,8,75,36,1,79376,96800
9/10/09 12:00 AM,2009,2009 - Q3,1,104,2,1,24600,30000
9/10/09 12:00 AM,2009,2009 - Q3,2,110,7,1,2451.8,2990
9/10/09 12:00 AM,2009,2009 - Q3,2,75,8,1,4083.6,4980
9/10/09 12:00 AM,2009,2009 - Q3,3,104,11,1,4515,5250
9/10/09 12:00 AM,2009,2009 - Q3,3,108,9,1,174048,207200
9/10/09 12:00 AM,2009,2009 - Q3,8,110,37,1,60614.4,73920
9/11/09 12:00 AM,2009,2009 - Q3,1,75,1,1,8118,9900
9/11/09 12:00 AM,2009,2009 - Q3,2,111,6,1,41410,50500
9/11/09 12:00 AM,2009,2009 - Q3,2,112,5,1,126280,154000
9/11/09 12:00 AM,2009,2009 - Q3,2,112,7,1,4239.4,5170
9/11/09 12:00 AM,2009,2009 - Q3,3,112,12,1,3956,4600
9/11/09 12:00 AM,2009,2009 - Q3,8,111,36,1,110864,135200
9/11/09 12:00 AM,2009,2009 - Q3,8,114,38,1,3603.9,4395
9/12/09 12:00 AM,2009,2009 - Q3,2,80,6,1,0,0
9/14/09 12:00 AM,2009,2009 - Q3,1,80,2,1,25420,31000
9/14/09 12:00 AM,2009,2009 - Q3,3,114,11,1,7430.4,8640
9/14/09 12:00 AM,2009,2009 - Q3,3,114,9,1,359394,417900
9/14/09 12:00 AM,2009,2009 - Q3,3,117,10,1,306160,356000
9/14/09 12:00 AM,2009,2009 - Q3,3,117,11,1,9507.3,11055
9/15/09 12:00 AM,2009,2009 - Q3,1,117,1,1,26814,32700
9/15/09 12:00 AM,2009,2009 - Q3,3,117,9,1,428624,498400
9/15/09 12:00 AM,2009,2009 - Q3,3,85,10,1,162970,189500
9/15/09 12:00 AM,2009,2009 - Q3,8,119,36,1,204016,248800
9/15/09 12:00 AM,2009,2009 - Q3,8,1,37,1,95251.2,116160
9/16/09 12:00 AM,2009,2009 - Q3,1,3,1,1,19188,23400
9/16/09 12:00 AM,2009,2009 - Q3,1,85,1,1,11644,14200
9/16/09 12:00 AM,2009,2009 - Q3,2,3,8,1,8692,10600
9/16/09 12:00 AM,2009,2009 - Q3,3,1,9,1,291970,339500
9/16/09 12:00 AM,2009,2009 - Q3,8,1,36,1,158752,193600
9/16/09 12:00 AM,2009,2009 - Q3,8,3,36,1,192864,235200
9/17/09 12:00 AM,2009,2009 - Q3,1,3,3,1,1730.2,2110
9/17/09 12:00 AM,2009,2009 - Q3,2,5,8,1,20073.6,24480
9/17/09 12:00 AM,2009,2009 - Q3,3,5,10,1,526320,612000
9/17/09 12:00 AM,2009,2009 - Q3,8,9,38,1,1635.9,1995
9/17/09 12:00 AM,2009,2009 - Q3,8,9,39,1,10400.88,12684
9/17/09 12:00 AM,2009,2009 - Q3,8,86,35,1,375560,458000
9/18/09 12:00 AM,2009,2009 - Q3,1,9,2,2,40508,49400
9/18/09 12:00 AM,2009,2009 - Q3,2,12,7,1,3608,4400
9/18/09 12:00 AM,2009,2009 - Q3,2,90,6,1,0,0
9/18/09 12:00 AM,2009,2009 - Q3,3,9,10,1,138030,160500
9/18/09 12:00 AM,2009,2009 - Q3,3,9,9,1,193242,224700
9/18/09 12:00 AM,2009,2009 - Q3,8,12,38,1,2250.9,2745
9/18/09 12:00 AM,2009,2009 - Q3,8,12,39,1,16117.92,19656
9/19/09 12:00 AM,2009,2009 - Q3,2,90,8,1,13972.8,17040
9/21/09 12:00 AM,2009,2009 - Q3,1,13,3,1,2230.4,2720
9/21/09 12:00 AM,2009,2009 - Q3,1,90,1,1,27962,34100
9/21/09 12:00 AM,2009,2009 - Q3,3,12,11,1,6037.2,7020
9/21/09 12:00 AM,2009,2009 - Q3,8,15,35,1,290280,354000
9/21/09 12:00 AM,2009,2009 - Q3,8,15,37,1,69667.2,84960
9/22/09 12:00 AM,2009,2009 - Q3,1,15,3,1,1156.2,1410
9/22/09 12:00 AM,2009,2009 - Q3,2,18,8,1,6215.6,7580
9/22/09 12:00 AM,2009,2009 - Q3,3,15,9,1,213710,248500
9/22/09 12:00 AM,2009,2009 - Q3,8,18,39,1,13052.76,15918
9/22/09 12:00 AM,2009,2009 - Q3,8,91,38,1,4907.7,5985
9/23/09 12:00 AM,2009,2009 - Q3,1,22,1,1,12054,14700
9/23/09 12:00 AM,2009,2009 - Q3,1,24,1,1,9594,11700
9/23/09 12:00 AM,2009,2009 - Q3,8,19,35,1,372280,454000
9/23/09 12:00 AM,2009,2009 - Q3,8,19,36,1,154160,188000
9/23/09 12:00 AM,2009,2009 - Q3,8,24,35,2,506760,618000
9/23/09 12:00 AM,2009,2009 - Q3,8,91,36,1,297168,362400
9/24/09 12:00 AM,2009,2009 - Q3,2,26,7,1,7175,8750
9/24/09 12:00 AM,2009,2009 - Q3,2,27,6,1,0,0
9/24/09 12:00 AM,2009,2009 - Q3,2,92,8,1,26682.8,32540
9/24/09 12:00 AM,2009,2009 - Q3,3,27,11,1,14989.8,17430
9/24/09 12:00 AM,2009,2009 - Q3,8,26,38,1,4194.3,5115
9/24/09 12:00 AM,2009,2009 - Q3,8,26,37,1,156652.8,191040
9/25/09 12:00 AM,2009,2009 - Q3,1,32,3,1,1582.6,1930
9/25/09 12:00 AM,2009,2009 - Q3,1,40,3,1,1312,1600
9/25/09 12:00 AM,2009,2009 - Q3,2,31,6,1,336200,410000
9/25/09 12:00 AM,2009,2009 - Q3,8,31,36,1,448704,547200
9/25/09 12:00 AM,2009,2009 - Q3,8,32,36,1,158752,193600
9/25/09 12:00 AM,2009,2009 - Q3,8,40,36,1,127264,155200
9/25/09 12:00 AM,2009,2009 - Q3,8,93,35,1,487080,594000
9/26/09 12:00 AM,2009,2009 - Q3,8,93,36,1,194832,237600
9/28/09 12:00 AM,2009,2009 - Q3,2,41,5,1,113160,138000
9/28/09 12:00 AM,2009,2009 - Q3,2,41,6,1,54530,66500
9/28/09 12:00 AM,2009,2009 - Q3,2,96,7,1,3222.6,3930
9/28/09 12:00 AM,2009,2009 - Q3,8,41,35,1,352600,430000
9/28/09 12:00 AM,2009,2009 - Q3,8,41,39,2,30238.32,36876
9/28/09 12:00 AM,2009,2009 - Q3,8,95,38,1,4870.8,5940
9/28/09 12:00 AM,2009,2009 - Q3,8,96,37,1,81868.8,99840
9/28/09 12:00 AM,2009,2009 - Q3,8,97,39,1,8919.96,10878
9/28/09 12:00 AM,2009,2009 - Q3,8,98,35,1,405080,494000
9/29/09 12:00 AM,2009,2009 - Q3,1,41,3,1,1459.6,1780
9/29/09 12:00 AM,2009,2009 - Q3,1,98,2,1,32308,39400
9/29/09 12:00 AM,2009,2009 - Q3,2,41,7,1,3813,4650
9/29/09 12:00 AM,2009,2009 - Q3,2,95,6,1,116030,141500
9/29/09 12:00 AM,2009,2009 - Q3,2,100,7,1,3977,4850
9/29/09 12:00 AM,2009,2009 - Q3,8,42,36,1,79376,96800
9/29/09 12:00 AM,2009,2009 - Q3,8,49,39,1,16427.88,20034
9/29/09 12:00 AM,2009,2009 - Q3,8,98,37,1,92102.4,112320
9/29/09 12:00 AM,2009,2009 - Q3,8,98,36,1,153504,187200
9/30/09 12:00 AM,2009,2009 - Q3,1,102,3,1,2000.8,2440
9/30/09 12:00 AM,2009,2009 - Q3,2,51,5,1,60680,74000
9/30/09 12:00 AM,2009,2009 - Q3,2,54,6,1,0,0
9/30/09 12:00 AM,2009,2009 - Q3,2,95,8,1,15530.8,18940
9/30/09 12:00 AM,2009,2009 - Q3,2,101,8,1,8118,9900
9/30/09 12:00 AM,2009,2009 - Q3,2,102,8,1,10086,12300
9/30/09 12:00 AM,2009,2009 - Q3,3,49,9,1,12642,14700
9/30/09 12:00 AM,2009,2009 - Q3,3,51,11,1,154.8,180
9/30/09 12:00 AM,2009,2009 - Q3,3,100,11,1,6256.5,7275
9/30/09 12:00 AM,2009,2009 - Q3,8,54,39,1,8575.56,10458
9/30/09 12:00 AM,2009,2009 - Q3,8,101,35,1,405080,494000
10/1/09 12:00 AM,2009,2009 - Q4,1,4,3,1,1877.8,2290
10/1/09 12:00 AM,2009,2009 - Q4,1,49,1,2,23370,28500
10/1/09 12:00 AM,2009,2009 - Q4,1,97,3,1,615,750
10/1/09 12:00 AM,2009,2009 - Q4,2,97,8,1,4952.8,6040
10/1/09 12:00 AM,2009,2009 - Q4,2,97,7,1,2476.4,3020
10/1/09 12:00 AM,2009,2009 - Q4,3,1,11,1,7082.1,8235
10/1/09 12:00 AM,2009,2009 - Q4,3,49,11,1,270.9,315
10/1/09 12:00 AM,2009,2009 - Q4,3,49,9,1,13846,16100
10/1/09 12:00 AM,2009,2009 - Q4,8,1,36,1,173184,211200
10/1/09 12:00 AM,2009,2009 - Q4,8,3,37,1,119654.4,145920
10/1/09 12:00 AM,2009,2009 - Q4,8,49,35,1,419840,512000
10/1/09 12:00 AM,2009,2009 - Q4,8,98,38,1,959.4,1170
10/2/09 12:00 AM,2009,2009 - Q4,1,4,4,1,3214.4,3920
10/2/09 12:00 AM,2009,2009 - Q4,1,49,2,1,22960,28000
10/2/09 12:00 AM,2009,2009 - Q4,1,49,3,1,1172.6,1430
10/2/09 12:00 AM,2009,2009 - Q4,1,50,1,1,11890,14500
10/2/09 12:00 AM,2009,2009 - Q4,1,100,2,1,25420,31000
10/2/09 12:00 AM,2009,2009 - Q4,2,5,8,1,22025.2,26860
10/2/09 12:00 AM,2009,2009 - Q4,2,100,5,1,146780,179000
10/2/09 12:00 AM,2009,2009 - Q4,3,5,11,1,17324.7,20145
10/2/09 12:00 AM,2009,2009 - Q4,3,50,9,1,13244,15400
10/2/09 12:00 AM,2009,2009 - Q4,3,98,12,1,45064,52400
10/2/09 12:00 AM,2009,2009 - Q4,8,5,38,1,5854.8,7140
10/2/09 12:00 AM,2009,2009 - Q4,8,98,36,1,103648,126400
10/3/09 12:00 AM,2009,2009 - Q4,1,5,1,1,31652,38600
10/3/09 12:00 AM,2009,2009 - Q4,1,104,2,1,19352,23600
10/3/09 12:00 AM,2009,2009 - Q4,2,9,7,1,2648.6,3230
10/3/09 12:00 AM,2009,2009 - Q4,2,51,8,1,4805.2,5860
10/3/09 12:00 AM,2009,2009 - Q4,2,52,5,1,149240,182000
10/3/09 12:00 AM,2009,2009 - Q4,2,52,6,1,74620,91000
10/3/09 12:00 AM,2009,2009 - Q4,2,55,6,1,79130,96500
10/3/09 12:00 AM,2009,2009 - Q4,2,104,8,1,7494.8,9140
10/3/09 12:00 AM,2009,2009 - Q4,3,5,9,1,837984,974400
10/3/09 12:00 AM,2009,2009 - Q4,3,9,12,1,58652,68200
10/3/09 12:00 AM,2009,2009 - Q4,3,52,11,1,309.6,360
10/3/09 12:00 AM,2009,2009 - Q4,3,102,12,1,97524,113400
10/3/09 12:00 AM,2009,2009 - Q4,8,10,38,1,1020.9,1245
10/3/09 12:00 AM,2009,2009 - Q4,8,10,36,1,85280,104000
10/3/09 12:00 AM,2009,2009 - Q4,8,52,37,1,119654.4,145920
10/3/09 12:00 AM,2009,2009 - Q4,8,101,36,1,220416,268800
10/3/09 12:00 AM,2009,2009 - Q4,8,102,36,1,232224,283200
10/3/09 12:00 AM,2009,2009 - Q4,8,104,35,1,373920,456000
10/5/09 12:00 AM,2009,2009 - Q4,1,10,2,1,12300,15000
10/5/09 12:00 AM,2009,2009 - Q4,1,10,3,1,639.6,780
10/5/09 12:00 AM,2009,2009 - Q4,1,55,3,1,1451.4,1770
10/5/09 12:00 AM,2009,2009 - Q4,1,105,1,2,19844,24200
10/5/09 12:00 AM,2009,2009 - Q4,2,55,7,1,5018.4,6120
10/5/09 12:00 AM,2009,2009 - Q4,2,56,5,1,123000,150000
10/5/09 12:00 AM,2009,2009 - Q4,2,105,8,1,7363.6,8980
10/5/09 12:00 AM,2009,2009 - Q4,2,105,7,1,3681.8,4490
10/5/09 12:00 AM,2009,2009 - Q4,2,106,8,1,8528,10400
10/5/09 12:00 AM,2009,2009 - Q4,3,10,10,1,112230,130500
10/5/09 12:00 AM,2009,2009 - Q4,3,10,11,1,3186.3,3705
10/5/09 12:00 AM,2009,2009 - Q4,3,56,10,1,194360,226000
10/6/09 12:00 AM,2009,2009 - Q4,1,56,1,1,10906,13300
10/6/09 12:00 AM,2009,2009 - Q4,1,110,2,1,14596,17800
10/6/09 12:00 AM,2009,2009 - Q4,2,12,5,1,126280,154000
10/6/09 12:00 AM,2009,2009 - Q4,2,58,8,1,8642.8,10540
10/6/09 12:00 AM,2009,2009 - Q4,2,58,7,1,4321.4,5270
10/6/09 12:00 AM,2009,2009 - Q4,2,109,8,1,7724.4,9420
10/6/09 12:00 AM,2009,2009 - Q4,2,111,6,1,52480,64000
10/6/09 12:00 AM,2009,2009 - Q4,3,12,11,2,13158,15300
10/6/09 12:00 AM,2009,2009 - Q4,3,13,10,1,294120,342000
10/6/09 12:00 AM,2009,2009 - Q4,8,13,35,1,570720,696000
10/6/09 12:00 AM,2009,2009 - Q4,8,58,35,1,447720,546000
10/6/09 12:00 AM,2009,2009 - Q4,8,110,39,1,11571.84,14112
10/7/09 12:00 AM,2009,2009 - Q4,1,117,2,1,29192,35600
10/7/09 12:00 AM,2009,2009 - Q4,2,14,8,1,4050.8,4940
10/7/09 12:00 AM,2009,2009 - Q4,2,14,7,1,2025.4,2470
10/7/09 12:00 AM,2009,2009 - Q4,2,65,7,1,8413.2,10260
10/7/09 12:00 AM,2009,2009 - Q4,2,112,7,1,3919.6,4780
10/7/09 12:00 AM,2009,2009 - Q4,3,13,9,1,411768,478800
10/7/09 12:00 AM,2009,2009 - Q4,3,14,12,1,42484,49400
10/7/09 12:00 AM,2009,2009 - Q4,3,65,9,1,555646,646100
10/7/09 12:00 AM,2009,2009 - Q4,3,117,11,1,7340.1,8535
10/7/09 12:00 AM,2009,2009 - Q4,8,61,39,1,21938.28,26754
10/7/09 12:00 AM,2009,2009 - Q4,8,65,37,1,194832,237600
10/7/09 12:00 AM,2009,2009 - Q4,8,112,38,1,1353,1650
10/8/09 12:00 AM,2009,2009 - Q4,1,14,2,2,24272,29600
10/8/09 12:00 AM,2009,2009 - Q4,1,15,2,1,19188,23400
10/8/09 12:00 AM,2009,2009 - Q4,1,15,3,1,959.4,1170
10/8/09 12:00 AM,2009,2009 - Q4,1,65,3,1,2222.2,2710
10/8/09 12:00 AM,2009,2009 - Q4,1,67,3,1,656,800
10/8/09 12:00 AM,2009,2009 - Q4,1,119,3,1,1221.8,1490
10/8/09 12:00 AM,2009,2009 - Q4,3,67,10,1,109220,127000
10/8/09 12:00 AM,2009,2009 - Q4,8,15,38,1,1635.9,1995
10/8/09 12:00 AM,2009,2009 - Q4,8,68,38,1,1008.6,1230
10/8/09 12:00 AM,2009,2009 - Q4,8,119,35,1,490360,598000
10/8/09 12:00 AM,2009,2009 - Q4,8,119,37,1,117686.4,143520
10/8/09 12:00 AM,2009,2009 - Q4,8,119,36,1,207296,252800
10/9/09 12:00 AM,2009,2009 - Q4,1,18,2,1,20992,25600
10/9/09 12:00 AM,2009,2009 - Q4,1,68,3,1,615,750
10/9/09 12:00 AM,2009,2009 - Q4,2,18,7,1,3222.6,3930
10/9/09 12:00 AM,2009,2009 - Q4,2,70,7,1,2115.6,2580
10/9/09 12:00 AM,2009,2009 - Q4,3,68,11,1,3199.2,3720
10/9/09 12:00 AM,2009,2009 - Q4,8,18,38,1,1734.3,2115
10/9/09 12:00 AM,2009,2009 - Q4,8,18,39,1,13534.92,16506
10/9/09 12:00 AM,2009,2009 - Q4,8,70,39,1,8885.52,10836
10/13/09 12:00 AM,2009,2009 - Q4,1,71,3,1,770.8,940
10/13/09 12:00 AM,2009,2009 - Q4,2,19,6,1,61500,75000
10/13/09 12:00 AM,2009,2009 - Q4,2,19,7,1,4132.8,5040
10/13/09 12:00 AM,2009,2009 - Q4,2,20,5,2,125460,153000
10/13/09 12:00 AM,2009,2009 - Q4,8,20,37,1,49987.2,60960
10/13/09 12:00 AM,2009,2009 - Q4,8,71,39,1,10883.04,13272
10/13/09 12:00 AM,2009,2009 - Q4,8,72,36,1,162032,197600
10/13/09 12:00 AM,2009,2009 - Q4,8,72,39,1,17047.8,20790
10/14/09 12:00 AM,2009,2009 - Q4,1,20,3,1,598.6,730
10/14/09 12:00 AM,2009,2009 - Q4,2,72,5,1,127920,156000
10/14/09 12:00 AM,2009,2009 - Q4,2,72,8,1,8118,9900
10/14/09 12:00 AM,2009,2009 - Q4,2,75,6,1,35670,43500
10/14/09 12:00 AM,2009,2009 - Q4,3,20,10,1,5160,6000
10/14/09 12:00 AM,2009,2009 - Q4,3,20,11,1,154.8,180
10/14/09 12:00 AM,2009,2009 - Q4,8,22,39,1,14843.64,18102
10/14/09 12:00 AM,2009,2009 - Q4,8,74,37,1,108633.6,132480
10/15/09 12:00 AM,2009,2009 - Q4,2,22,7,2,6642,8100
10/15/09 12:00 AM,2009,2009 - Q4,2,75,7,1,2402.6,2930
10/15/09 12:00 AM,2009,2009 - Q4,2,77,5,1,81180,99000
10/15/09 12:00 AM,2009,2009 - Q4,2,77,8,1,8216.4,10020
10/15/09 12:00 AM,2009,2009 - Q4,3,22,12,1,3612,4200
10/15/09 12:00 AM,2009,2009 - Q4,3,75,12,1,45236,52600
10/15/09 12:00 AM,2009,2009 - Q4,8,24,37,1,67699.2,82560
10/15/09 12:00 AM,2009,2009 - Q4,8,24,39,1,12191.76,14868
10/16/09 12:00 AM,2009,2009 - Q4,1,24,3,1,836.4,1020
10/16/09 12:00 AM,2009,2009 - Q4,1,26,1,1,23370,28500
10/16/09 12:00 AM,2009,2009 - Q4,1,77,3,1,1221.8,1490
10/16/09 12:00 AM,2009,2009 - Q4,2,24,5,1,86920,106000
10/16/09 12:00 AM,2009,2009 - Q4,2,24,7,1,2820.8,3440
10/16/09 12:00 AM,2009,2009 - Q4,3,77,10,1,215430,250500
10/16/09 12:00 AM,2009,2009 - Q4,3,78,11,1,3354,3900
10/16/09 12:00 AM,2009,2009 - Q4,8,78,38,1,984,1200
10/20/09 12:00 AM,2009,2009 - Q4,1,78,1,1,6478,7900
10/20/09 12:00 AM,2009,2009 - Q4,1,78,3,1,623.2,760
10/20/09 12:00 AM,2009,2009 - Q4,2,27,8,1,16941.2,20660
10/20/09 12:00 AM,2009,2009 - Q4,3,27,10,1,445050,517500
10/20/09 12:00 AM,2009,2009 - Q4,3,27,12,1,184212,214200
10/20/09 12:00 AM,2009,2009 - Q4,8,31,38,1,4710.9,5745
10/20/09 12:00 AM,2009,2009 - Q4,8,79,37,1,79113.6,96480
10/20/09 12:00 AM,2009,2009 - Q4,8,79,36,1,125296,152800
10/21/09 12:00 AM,2009,2009 - Q4,1,39,1,1,5986,7300
10/21/09 12:00 AM,2009,2009 - Q4,2,31,8,1,38130,46500
10/21/09 12:00 AM,2009,2009 - Q4,2,79,6,1,49200,60000
10/21/09 12:00 AM,2009,2009 - Q4,2,80,5,1,0,0
10/21/09 12:00 AM,2009,2009 - Q4,2,81,8,1,4116.4,5020
10/21/09 12:00 AM,2009,2009 - Q4,3,39,10,1,109220,127000
10/21/09 12:00 AM,2009,2009 - Q4,8,31,35,1,918400,1120000
10/21/09 12:00 AM,2009,2009 - Q4,8,81,37,1,50774.4,61920
10/22/09 12:00 AM,2009,2009 - Q4,2,41,8,1,7691.6,9380
10/22/09 12:00 AM,2009,2009 - Q4,2,85,6,1,40590,49500
10/22/09 12:00 AM,2009,2009 - Q4,2,86,6,1,74620,91000
10/22/09 12:00 AM,2009,2009 - Q4,3,41,12,1,82904,96400
10/22/09 12:00 AM,2009,2009 - Q4,8,40,39,1,15188.04,18522
10/22/09 12:00 AM,2009,2009 - Q4,8,49,38,1,1918.8,2340
10/22/09 12:00 AM,2009,2009 - Q4,8,85,35,1,272240,332000
10/22/09 12:00 AM,2009,2009 - Q4,8,85,36,1,108896,132800
10/23/09 12:00 AM,2009,2009 - Q4,1,49,1,1,10906,13300
10/23/09 12:00 AM,2009,2009 - Q4,2,50,6,1,60680,74000
10/23/09 12:00 AM,2009,2009 - Q4,2,90,7,1,6879.8,8390
10/23/09 12:00 AM,2009,2009 - Q4,3,86,10,1,236500,275000
10/23/09 12:00 AM,2009,2009 - Q4,3,86,9,1,320264,372400
10/23/09 12:00 AM,2009,2009 - Q4,8,50,35,1,393600,480000
10/23/09 12:00 AM,2009,2009 - Q4,8,50,36,1,162688,198400
10/23/09 12:00 AM,2009,2009 - Q4,8,91,38,1,4674,5700
10/27/09 12:00 AM,2009,2009 - Q4,1,51,1,1,6724,8200
10/27/09 12:00 AM,2009,2009 - Q4,3,50,12,1,4128,4800
10/27/09 12:00 AM,2009,2009 - Q4,3,51,9,1,7826,9100
10/27/09 12:00 AM,2009,2009 - Q4,3,92,11,2,23349,27150
10/27/09 12:00 AM,2009,2009 - Q4,3,92,9,1,532770,619500
10/27/09 12:00 AM,2009,2009 - Q4,8,51,37,1,53923.2,65760
10/27/09 12:00 AM,2009,2009 - Q4,8,91,35,1,911840,1112000
10/27/09 12:00 AM,2009,2009 - Q4,8,92,36,1,322752,393600
10/28/09 12:00 AM,2009,2009 - Q4,2,52,8,1,9643.2,11760
10/28/09 12:00 AM,2009,2009 - Q4,2,55,5,1,136940,167000
10/28/09 12:00 AM,2009,2009 - Q4,2,93,8,1,10791.2,13160
10/28/09 12:00 AM,2009,2009 - Q4,2,93,7,1,5567.8,6790
10/28/09 12:00 AM,2009,2009 - Q4,3,52,9,1,16856,19600
10/28/09 12:00 AM,2009,2009 - Q4,8,52,38,1,2533.8,3090
10/28/09 12:00 AM,2009,2009 - Q4,8,93,36,1,215824,263200
10/28/09 12:00 AM,2009,2009 - Q4,8,93,39,1,23384.76,28518
10/29/09 12:00 AM,2009,2009 - Q4,1,55,2,1,28864,35200
10/29/09 12:00 AM,2009,2009 - Q4,1,95,2,1,54284,66200
10/29/09 12:00 AM,2009,2009 - Q4,2,55,8,1,9184,11200
10/29/09 12:00 AM,2009,2009 - Q4,2,95,7,1,9577.6,11680
10/29/09 12:00 AM,2009,2009 - Q4,3,55,9,1,355782,413700
10/29/09 12:00 AM,2009,2009 - Q4,3,56,11,1,5572.8,6480
10/29/09 12:00 AM,2009,2009 - Q4,3,97,10,1,109220,127000
10/29/09 12:00 AM,2009,2009 - Q4,8,95,39,1,41672.4,50820
10/30/09 12:00 AM,2009,2009 - Q4,1,56,2,1,21648,26400
10/30/09 12:00 AM,2009,2009 - Q4,3,56,9,1,260064,302400
10/30/09 12:00 AM,2009,2009 - Q4,3,100,11,1,6901.5,8025
10/30/09 12:00 AM,2009,2009 - Q4,8,57,38,1,5362.8,6540
10/30/09 12:00 AM,2009,2009 - Q4,8,57,39,1,38538.36,46998
10/30/09 12:00 AM,2009,2009 - Q4,8,98,35,1,242720,296000
10/30/09 12:00 AM,2009,2009 - Q4,8,100,36,1,175152,213600
10/30/09 12:00 AM,2009,2009 - Q4,8,101,39,1,21938.28,26754
11/3/09 12:00 AM,2009,2009 - Q4,2,57,7,1,9175.8,11190
11/3/09 12:00 AM,2009,2009 - Q4,3,58,11,1,5469.6,6360
11/3/09 12:00 AM,2009,2009 - Q4,3,101,12,1,98384,114400
11/3/09 12:00 AM,2009,2009 - Q4,3,102,12,1,109392,127200
11/3/09 12:00 AM,2009,2009 - Q4,8,58,35,1,378840,462000
11/3/09 12:00 AM,2009,2009 - Q4,8,58,36,1,151536,184800
11/3/09 12:00 AM,2009,2009 - Q4,8,102,38,1,2902.8,3540
11/3/09 12:00 AM,2009,2009 - Q4,8,102,35,1,570720,696000
11/4/09 12:00 AM,2009,2009 - Q4,1,102,1,1,17056,20800
11/4/09 12:00 AM,2009,2009 - Q4,1,102,2,1,31816,38800
11/4/09 12:00 AM,2009,2009 - Q4,2,104,6,2,104140,127000
11/4/09 12:00 AM,2009,2009 - Q4,2,104,7,1,3419.4,4170
11/4/09 12:00 AM,2009,2009 - Q4,3,58,9,2,544810,633500
11/4/09 12:00 AM,2009,2009 - Q4,3,65,10,1,382700,445000
11/4/09 12:00 AM,2009,2009 - Q4,8,65,38,1,3886.8,4740
11/4/09 12:00 AM,2009,2009 - Q4,8,65,36,1,303072,369600
11/5/09 12:00 AM,2009,2009 - Q4,2,67,5,1,72160,88000
11/5/09 12:00 AM,2009,2009 - Q4,2,67,8,1,4870.8,5940
11/5/09 12:00 AM,2009,2009 - Q4,2,105,5,1,103320,126000
11/5/09 12:00 AM,2009,2009 - Q4,2,105,8,1,7134,8700
11/5/09 12:00 AM,2009,2009 - Q4,3,65,12,1,153080,178000
11/5/09 12:00 AM,2009,2009 - Q4,3,67,10,1,135880,158000
11/5/09 12:00 AM,2009,2009 - Q4,3,104,11,1,4992.3,5805
11/5/09 12:00 AM,2009,2009 - Q4,8,105,38,1,1488.3,1815
11/6/09 12:00 AM,2009,2009 - Q4,2,106,5,1,0,0
11/6/09 12:00 AM,2009,2009 - Q4,3,67,12,1,56244,65400
11/6/09 12:00 AM,2009,2009 - Q4,3,67,11,1,4218.3,4905
11/6/09 12:00 AM,2009,2009 - Q4,3,70,9,1,135450,157500
11/6/09 12:00 AM,2009,2009 - Q4,3,105,11,1,4876.2,5670
11/6/09 12:00 AM,2009,2009 - Q4,8,68,37,1,49200,60000
11/6/09 12:00 AM,2009,2009 - Q4,8,106,35,1,475600,580000
11/6/09 12:00 AM,2009,2009 - Q4,8,106,37,1,120441.6,146880
11/10/09 12:00 AM,2009,2009 - Q4,1,106,3,1,1369.4,1670
11/10/09 12:00 AM,2009,2009 - Q4,1,108,1,1,15908,19400
11/10/09 12:00 AM,2009,2009 - Q4,2,72,6,1,74620,91000
11/10/09 12:00 AM,2009,2009 - Q4,2,72,7,1,4018,4900
11/10/09 12:00 AM,2009,2009 - Q4,2,106,6,1,75030,91500
11/10/09 12:00 AM,2009,2009 - Q4,3,71,10,2,266600,310000
11/10/09 12:00 AM,2009,2009 - Q4,8,72,36,1,81344,99200
11/10/09 12:00 AM,2009,2009 - Q4,8,109,35,1,360800,440000
11/11/09 12:00 AM,2009,2009 - Q4,2,75,6,1,33620,41000
11/11/09 12:00 AM,2009,2009 - Q4,3,72,12,1,84280,98000
11/11/09 12:00 AM,2009,2009 - Q4,3,74,12,1,81012,94200
11/11/09 12:00 AM,2009,2009 - Q4,3,109,10,1,7740,9000
11/11/09 12:00 AM,2009,2009 - Q4,3,109,11,1,232.2,270
11/11/09 12:00 AM,2009,2009 - Q4,3,109,9,1,10836,12600
11/11/09 12:00 AM,2009,2009 - Q4,8,74,35,1,428040,522000
11/11/09 12:00 AM,2009,2009 - Q4,8,109,36,1,144976,176800
11/12/09 12:00 AM,2009,2009 - Q4,1,110,2,1,14596,17800
11/12/09 12:00 AM,2009,2009 - Q4,2,78,7,1,2025.4,2470
11/12/09 12:00 AM,2009,2009 - Q4,3,77,12,1,83076,96600
11/12/09 12:00 AM,2009,2009 - Q4,3,110,11,1,167.7,195
11/12/09 12:00 AM,2009,2009 - Q4,8,78,35,2,410000,500000
11/12/09 12:00 AM,2009,2009 - Q4,8,78,36,1,83312,101600
11/12/09 12:00 AM,2009,2009 - Q4,8,110,38,1,1266.9,1545
11/12/09 12:00 AM,2009,2009 - Q4,8,110,39,1,10538.64,12852
11/13/09 12:00 AM,2009,2009 - Q4,1,79,2,1,21484,26200
11/13/09 12:00 AM,2009,2009 - Q4,1,79,3,1,893.8,1090
11/13/09 12:00 AM,2009,2009 - Q4,2,111,7,1,3304.6,4030
11/13/09 12:00 AM,2009,2009 - Q4,2,112,6,1,53300,65000
11/13/09 12:00 AM,2009,2009 - Q4,2,112,8,1,7134,8700
11/13/09 12:00 AM,2009,2009 - Q4,8,79,39,1,13052.76,15918
11/13/09 12:00 AM,2009,2009 - Q4,8,85,35,1,313240,382000
11/13/09 12:00 AM,2009,2009 - Q4,8,114,35,1,551040,672000
11/17/09 12:00 AM,2009,2009 - Q4,1,114,3,1,1705.6,2080
11/17/09 12:00 AM,2009,2009 - Q4,2,85,6,1,47970,58500
11/17/09 12:00 AM,2009,2009 - Q4,2,117,6,1,77080,94000
11/17/09 12:00 AM,2009,2009 - Q4,2,119,7,1,5157.8,6290
11/17/09 12:00 AM,2009,2009 - Q4,3,85,12,1,65704,76400
11/17/09 12:00 AM,2009,2009 - Q4,8,85,36,1,128576,156800
11/17/09 12:00 AM,2009,2009 - Q4,8,86,39,1,18632.04,22722
11/17/09 12:00 AM,2009,2009 - Q4,8,119,36,1,200080,244000
11/18/09 12:00 AM,2009,2009 - Q4,1,87,1,1,10168,12400
11/18/09 12:00 AM,2009,2009 - Q4,2,86,7,1,4280.4,5220
11/18/09 12:00 AM,2009,2009 - Q4,2,3,7,1,6018.8,7340
11/18/09 12:00 AM,2009,2009 - Q4,3,86,10,1,204680,238000
11/18/09 12:00 AM,2009,2009 - Q4,3,3,10,1,237360,276000
11/18/09 12:00 AM,2009,2009 - Q4,8,91,37,1,197587.2,240960
11/18/09 12:00 AM,2009,2009 - Q4,8,1,35,1,547760,668000
11/18/09 12:00 AM,2009,2009 - Q4,8,3,35,1,583840,712000
11/19/09 12:00 AM,2009,2009 - Q4,1,91,3,1,3288.2,4010
11/19/09 12:00 AM,2009,2009 - Q4,1,7,1,1,5330,6500
11/19/09 12:00 AM,2009,2009 - Q4,2,91,8,1,35145.2,42860
11/19/09 12:00 AM,2009,2009 - Q4,2,92,6,1,218530,266500
11/19/09 12:00 AM,2009,2009 - Q4,2,92,7,1,13792.4,16820
11/19/09 12:00 AM,2009,2009 - Q4,3,3,12,1,94944,110400
11/19/09 12:00 AM,2009,2009 - Q4,3,3,9,1,353374,410900
11/19/09 12:00 AM,2009,2009 - Q4,8,9,37,1,69667.2,84960
11/20/09 12:00 AM,2009,2009 - Q4,2,9,7,1,2902.8,3540
11/20/09 12:00 AM,2009,2009 - Q4,3,92,10,1,361630,420500
11/20/09 12:00 AM,2009,2009 - Q4,3,92,11,1,10848.9,12615
11/20/09 12:00 AM,2009,2009 - Q4,3,93,11,1,7985.1,9285
11/20/09 12:00 AM,2009,2009 - Q4,3,9,11,1,4102.2,4770
11/20/09 12:00 AM,2009,2009 - Q4,3,9,9,1,191436,222600
11/20/09 12:00 AM,2009,2009 - Q4,8,93,39,1,21180.6,25830
11/20/09 12:00 AM,2009,2009 - Q4,8,10,38,1,971.7,1185
11/24/09 12:00 AM,2009,2009 - Q4,1,10,2,1,11972,14600
11/24/09 12:00 AM,2009,2009 - Q4,1,15,1,1,9348,11400
11/24/09 12:00 AM,2009,2009 - Q4,2,10,7,1,2263.2,2760
11/24/09 12:00 AM,2009,2009 - Q4,2,15,7,1,3895,4750
11/24/09 12:00 AM,2009,2009 - Q4,3,95,12,1,190232,221200
11/24/09 12:00 AM,2009,2009 - Q4,8,95,36,1,343088,418400
11/24/09 12:00 AM,2009,2009 - Q4,8,95,39,1,36024.24,43932
11/24/09 12:00 AM,2009,2009 - Q4,8,96,38,1,1734.3,2115
11/25/09 12:00 AM,2009,2009 - Q4,1,97,1,1,7298,8900
11/25/09 12:00 AM,2009,2009 - Q4,1,15,2,1,18696,22800
11/25/09 12:00 AM,2009,2009 - Q4,1,18,2,1,20008,24400
11/25/09 12:00 AM,2009,2009 - Q4,3,97,12,1,46440,54000
11/25/09 12:00 AM,2009,2009 - Q4,8,97,35,1,221400,270000
11/25/09 12:00 AM,2009,2009 - Q4,8,97,39,1,10297.56,12558
11/25/09 12:00 AM,2009,2009 - Q4,8,19,38,1,1439.1,1755
11/25/09 12:00 AM,2009,2009 - Q4,8,20,37,1,53529.6,65280
11/26/09 12:00 AM,2009,2009 - Q4,1,97,2,1,14596,17800
11/26/09 12:00 AM,2009,2009 - Q4,2,20,6,1,34850,42500
11/26/09 12:00 AM,2009,2009 - Q4,2,24,8,1,6838.8,8340
11/26/09 12:00 AM,2009,2009 - Q4,3,98,10,1,215430,250500
11/26/09 12:00 AM,2009,2009 - Q4,3,98,12,1,86172,100200
11/26/09 12:00 AM,2009,2009 - Q4,8,98,35,1,410000,500000
11/26/09 12:00 AM,2009,2009 - Q4,8,22,35,1,414920,506000
11/26/09 12:00 AM,2009,2009 - Q4,8,22,36,1,165968,202400
11/27/09 12:00 AM,2009,2009 - Q4,1,24,1,1,8528,10400
11/27/09 12:00 AM,2009,2009 - Q4,2,100,8,1,8495.2,10360
11/27/09 12:00 AM,2009,2009 - Q4,3,100,10,1,222740,259000
11/27/09 12:00 AM,2009,2009 - Q4,3,100,12,1,89096,103600
11/27/09 12:00 AM,2009,2009 - Q4,3,26,11,1,6166.2,7170
11/27/09 12:00 AM,2009,2009 - Q4,3,27,12,1,170108,197800
11/27/09 12:00 AM,2009,2009 - Q4,3,27,9,1,595378,692300
11/27/09 12:00 AM,2009,2009 - Q4,8,101,38,1,2472.3,3015
12/1/09 12:00 AM,2009,2009 - Q4,1,102,3,1,2082.8,2540
12/1/09 12:00 AM,2009,2009 - Q4,1,27,1,1,24354,29700
12/1/09 12:00 AM,2009,2009 - Q4,3,37,12,1,35088,40800
12/1/09 12:00 AM,2009,2009 - Q4,8,101,37,1,110601.6,134880
12/1/09 12:00 AM,2009,2009 - Q4,8,101,39,1,19389.72,23646
12/1/09 12:00 AM,2009,2009 - Q4,8,104,39,1,13534.92,16506
12/1/09 12:00 AM,2009,2009 - Q4,8,31,38,1,4378.8,5340
12/1/09 12:00 AM,2009,2009 - Q4,8,38,37,1,49987.2,60960
12/2/09 12:00 AM,2009,2009 - Q4,1,104,2,1,25420,31000
12/2/09 12:00 AM,2009,2009 - Q4,2,104,8,1,6445.2,7860
12/2/09 12:00 AM,2009,2009 - Q4,2,104,7,1,3107.8,3790
12/2/09 12:00 AM,2009,2009 - Q4,2,38,7,1,2091,2550
12/2/09 12:00 AM,2009,2009 - Q4,3,104,11,1,4889.1,5685
12/2/09 12:00 AM,2009,2009 - Q4,3,40,12,1,70692,82200
12/2/09 12:00 AM,2009,2009 - Q4,3,40,11,1,5301.9,6165
12/2/09 12:00 AM,2009,2009 - Q4,8,39,35,1,236160,288000
12/3/09 12:00 AM,2009,2009 - Q4,1,104,3,1,926.6,1130
12/3/09 12:00 AM,2009,2009 - Q4,1,49,3,1,1148,1400
12/3/09 12:00 AM,2009,2009 - Q4,1,50,3,1,1123.4,1370
12/3/09 12:00 AM,2009,2009 - Q4,2,105,8,1,6494.4,7920
12/3/09 12:00 AM,2009,2009 - Q4,2,49,5,1,0,0
12/3/09 12:00 AM,2009,2009 - Q4,3,50,11,1,270.9,315
12/3/09 12:00 AM,2009,2009 - Q4,8,105,38,1,1586.7,1935
12/3/09 12:00 AM,2009,2009 - Q4,8,105,39,1,13638.24,16632
12/4/09 12:00 AM,2009,2009 - Q4,1,51,1,1,5986,7300
12/4/09 12:00 AM,2009,2009 - Q4,2,106,5,1,136940,167000
12/4/09 12:00 AM,2009,2009 - Q4,2,106,6,1,68470,83500
12/4/09 12:00 AM,2009,2009 - Q4,2,51,6,1,37310,45500
12/4/09 12:00 AM,2009,2009 - Q4,3,105,10,1,164260,191000
12/4/09 12:00 AM,2009,2009 - Q4,8,106,38,1,2693.7,3285
12/4/09 12:00 AM,2009,2009 - Q4,8,51,38,1,922.5,1125
12/4/09 12:00 AM,2009,2009 - Q4,8,51,35,1,250920,306000
12/8/09 12:00 AM,2009,2009 - Q4,1,51,2,1,12956,15800
12/8/09 12:00 AM,2009,2009 - Q4,2,106,8,1,8839.6,10780
12/8/09 12:00 AM,2009,2009 - Q4,2,106,7,1,4592,5600
12/8/09 12:00 AM,2009,2009 - Q4,3,106,12,1,96320,112000
12/8/09 12:00 AM,2009,2009 - Q4,3,52,11,1,309.6,360
12/8/09 12:00 AM,2009,2009 - Q4,3,52,9,1,15050,17500
12/8/09 12:00 AM,2009,2009 - Q4,8,108,36,1,228288,278400
12/8/09 12:00 AM,2009,2009 - Q4,8,55,38,1,1820.4,2220
12/9/09 12:00 AM,2009,2009 - Q4,1,108,1,1,17056,20800
12/9/09 12:00 AM,2009,2009 - Q4,2,55,7,1,5100.4,6220
12/9/09 12:00 AM,2009,2009 - Q4,3,108,9,1,418992,487200
12/9/09 12:00 AM,2009,2009 - Q4,3,109,11,1,258,300
12/9/09 12:00 AM,2009,2009 - Q4,3,56,9,1,265482,308700
12/9/09 12:00 AM,2009,2009 - Q4,8,109,37,1,84230.4,102720
12/9/09 12:00 AM,2009,2009 - Q4,8,56,39,1,19010.88,23184
12/9/09 12:00 AM,2009,2009 - Q4,8,57,35,2,2066400,2520000
12/10/09 12:00 AM,2009,2009 - Q4,2,112,7,1,3722.8,4540
12/10/09 12:00 AM,2009,2009 - Q4,2,57,6,1,148010,180500
12/10/09 12:00 AM,2009,2009 - Q4,2,57,8,1,21516.8,26240
12/10/09 12:00 AM,2009,2009 - Q4,2,58,5,1,13120,16000
12/10/09 12:00 AM,2009,2009 - Q4,3,111,9,1,11438,13300
12/10/09 12:00 AM,2009,2009 - Q4,8,110,39,1,10159.8,12390
12/10/09 12:00 AM,2009,2009 - Q4,8,112,35,1,395240,482000
12/10/09 12:00 AM,2009,2009 - Q4,8,57,39,1,45185.28,55104
12/11/09 12:00 AM,2009,2009 - Q4,1,112,1,1,14760,18000
12/11/09 12:00 AM,2009,2009 - Q4,1,114,3,1,1705.6,2080
12/11/09 12:00 AM,2009,2009 - Q4,2,61,8,1,22894.4,27920
12/11/09 12:00 AM,2009,2009 - Q4,3,112,12,1,3784,4400
12/11/09 12:00 AM,2009,2009 - Q4,3,58,11,1,6166.2,7170
12/11/09 12:00 AM,2009,2009 - Q4,3,61,9,1,346752,403200
12/11/09 12:00 AM,2009,2009 - Q4,8,114,35,2,1131600,1380000
12/11/09 12:00 AM,2009,2009 - Q4,8,61,37,1,137366.4,167520
12/15/09 12:00 AM,2009,2009 - Q4,1,61,3,1,1385.8,1690
12/15/09 12:00 AM,2009,2009 - Q4,1,67,2,1,13612,16600
12/15/09 12:00 AM,2009,2009 - Q4,2,119,6,1,0,0
12/15/09 12:00 AM,2009,2009 - Q4,2,119,8,1,11266.8,13740
12/15/09 12:00 AM,2009,2009 - Q4,2,1,5,2,599420,731000
12/15/09 12:00 AM,2009,2009 - Q4,2,67,8,1,4838,5900
12/15/09 12:00 AM,2009,2009 - Q4,3,117,9,1,498456,579600
12/15/09 12:00 AM,2009,2009 - Q4,8,65,39,1,37677.36,45948
12/16/09 12:00 AM,2009,2009 - Q4,2,1,7,1,10332,12600
12/16/09 12:00 AM,2009,2009 - Q4,2,70,8,1,4657.6,5680
12/16/09 12:00 AM,2009,2009 - Q4,3,1,11,1,7301.4,8490
12/16/09 12:00 AM,2009,2009 - Q4,3,1,9,1,355782,413700
12/16/09 12:00 AM,2009,2009 - Q4,3,70,10,1,93740,109000
12/16/09 12:00 AM,2009,2009 - Q4,8,3,38,1,2398.5,2925
12/16/09 12:00 AM,2009,2009 - Q4,8,70,35,1,223040,272000
12/16/09 12:00 AM,2009,2009 - Q4,8,70,39,1,9780.96,11928
12/17/09 12:00 AM,2009,2009 - Q4,1,5,2,1,63632,77600
12/17/09 12:00 AM,2009,2009 - Q4,1,70,3,1,582.2,710
12/17/09 12:00 AM,2009,2009 - Q4,1,71,2,1,14596,17800
12/17/09 12:00 AM,2009,2009 - Q4,2,3,8,1,11250.4,13720
12/17/09 12:00 AM,2009,2009 - Q4,2,5,6,1,173840,212000
12/17/09 12:00 AM,2009,2009 - Q4,2,72,8,1,8675.6,10580
12/17/09 12:00 AM,2009,2009 - Q4,8,3,36,1,225008,274400
12/17/09 12:00 AM,2009,2009 - Q4,8,71,37,1,66124.8,80640
12/18/09 12:00 AM,2009,2009 - Q4,1,74,1,1,11890,14500
12/18/09 12:00 AM,2009,2009 - Q4,1,75,2,1,13612,16600
12/18/09 12:00 AM,2009,2009 - Q4,3,9,10,1,132440,154000
12/18/09 12:00 AM,2009,2009 - Q4,3,9,11,1,3973.2,4620
12/18/09 12:00 AM,2009,2009 - Q4,3,10,12,1,43172,50200
12/18/09 12:00 AM,2009,2009 - Q4,3,10,9,1,143276,166600
12/18/09 12:00 AM,2009,2009 - Q4,3,74,9,1,280532,326200
12/18/09 12:00 AM,2009,2009 - Q4,8,75,38,1,947.1,1155
12/22/09 12:00 AM,2009,2009 - Q4,1,12,1,1,13202,16100
12/22/09 12:00 AM,2009,2009 - Q4,2,79,6,1,44280,54000
12/22/09 12:00 AM,2009,2009 - Q4,2,80,6,1,34850,42500
12/22/09 12:00 AM,2009,2009 - Q4,3,12,10,1,226610,263500
12/22/09 12:00 AM,2009,2009 - Q4,3,77,10,1,175010,203500
12/22/09 12:00 AM,2009,2009 - Q4,8,12,35,1,480520,586000
12/22/09 12:00 AM,2009,2009 - Q4,8,13,37,1,139334.4,169920
12/22/09 12:00 AM,2009,2009 - Q4,8,80,36,1,93808,114400
12/23/09 12:00 AM,2009,2009 - Q4,1,13,2,2,65928,80400
12/23/09 12:00 AM,2009,2009 - Q4,1,14,3,2,1164.4,1420
12/23/09 12:00 AM,2009,2009 - Q4,1,85,2,1,14432,17600
12/23/09 12:00 AM,2009,2009 - Q4,3,13,9,1,382872,445200
12/23/09 12:00 AM,2009,2009 - Q4,3,14,12,1,41452,48200
12/23/09 12:00 AM,2009,2009 - Q4,3,80,12,1,2064,2400
12/23/09 12:00 AM,2009,2009 - Q4,8,85,36,1,115456,140800
12/23/09 12:00 AM,2009,2009 - Q4,8,86,38,1,1968,2400
12/24/09 12:00 AM,2009,2009 - Q4,1,18,3,1,1033.2,1260
12/24/09 12:00 AM,2009,2009 - Q4,2,15,5,1,105780,129000
12/24/09 12:00 AM,2009,2009 - Q4,2,86,6,2,166050,202500
12/24/09 12:00 AM,2009,2009 - Q4,3,15,9,1,225750,262500
12/24/09 12:00 AM,2009,2009 - Q4,8,19,37,1,112569.6,137280
12/24/09 12:00 AM,2009,2009 - Q4,8,90,38,1,2669.1,3255
12/24/09 12:00 AM,2009,2009 - Q4,8,90,37,1,177907.2,216960
12/24/09 12:00 AM,2009,2009 - Q4,8,90,39,1,31168.2,38010
12/25/09 12:00 AM,2009,2009 - Q4,1,20,2,1,12464,15200
12/25/09 12:00 AM,2009,2009 - Q4,1,91,3,1,2107.4,2570
12/25/09 12:00 AM,2009,2009 - Q4,2,92,6,1,267320,326000
12/25/09 12:00 AM,2009,2009 - Q4,3,19,12,1,4128,4800
12/25/09 12:00 AM,2009,2009 - Q4,8,19,36,1,187616,228800
12/25/09 12:00 AM,2009,2009 - Q4,8,24,35,1,321440,392000
12/25/09 12:00 AM,2009,2009 - Q4,8,91,37,1,202310.4,246720
12/25/09 12:00 AM,2009,2009 - Q4,8,92,39,1,35094.36,42798
12/29/09 12:00 AM,2009,2009 - Q4,1,92,3,1,2222.2,2710
12/29/09 12:00 AM,2009,2009 - Q4,1,93,1,1,14022,17100
12/29/09 12:00 AM,2009,2009 - Q4,2,24,5,1,95940,117000
12/29/09 12:00 AM,2009,2009 - Q4,2,24,6,1,45100,55000
12/29/09 12:00 AM,2009,2009 - Q4,2,26,5,1,232060,283000
12/29/09 12:00 AM,2009,2009 - Q4,3,24,12,1,60544,70400
12/29/09 12:00 AM,2009,2009 - Q4,3,92,9,1,552034,641900
12/29/09 12:00 AM,2009,2009 - Q4,8,94,37,1,103123.2,125760
12/30/09 12:00 AM,2009,2009 - Q4,1,27,3,1,2476.4,3020
12/30/09 12:00 AM,2009,2009 - Q4,1,39,3,1,598.6,730
12/30/09 12:00 AM,2009,2009 - Q4,1,94,3,1,1074.2,1310
12/30/09 12:00 AM,2009,2009 - Q4,3,26,9,1,513506,597100
12/30/09 12:00 AM,2009,2009 - Q4,3,94,10,1,175440,204000
12/30/09 12:00 AM,2009,2009 - Q4,3,95,10,1,438170,509500
12/30/09 12:00 AM,2009,2009 - Q4,8,40,35,1,378840,462000
12/30/09 12:00 AM,2009,2009 - Q4,8,94,39,1,17598.84,21462
12/31/09 12:00 AM,2009,2009 - Q4,1,40,1,1,10004,12200
12/31/09 12:00 AM,2009,2009 - Q4,1,95,3,1,2607.6,3180
12/31/09 12:00 AM,2009,2009 - Q4,1,96,3,1,869.2,1060
12/31/09 12:00 AM,2009,2009 - Q4,2,40,8,1,7593.2,9260
12/31/09 12:00 AM,2009,2009 - Q4,2,96,6,1,52070,63500
12/31/09 12:00 AM,2009,2009 - Q4,2,97,6,1,38130,46500
12/31/09 12:00 AM,2009,2009 - Q4,3,40,10,1,178880,208000
12/31/09 12:00 AM,2009,2009 - Q4,8,41,35,1,411640,502000
1/1/10 12:00 AM,2010,2010 - Q1,1,1,2,1,25912,31600
1/1/10 12:00 AM,2010,2010 - Q1,1,3,1,1,15580,19000
1/1/10 12:00 AM,2010,2010 - Q1,1,3,2,1,31160,38000
1/1/10 12:00 AM,2010,2010 - Q1,8,1,38,1,1574.4,1920
1/1/10 12:00 AM,2010,2010 - Q1,8,3,38,1,1783.5,2175
1/1/10 12:00 AM,2010,2010 - Q1,8,3,35,1,623200,760000
1/1/10 12:00 AM,2010,2010 - Q1,8,5,35,1,1020080,1244000
1/4/10 12:00 AM,2010,2010 - Q1,1,9,2,1,13940,17000
1/4/10 12:00 AM,2010,2010 - Q1,2,7,8,1,4428,5400
1/4/10 12:00 AM,2010,2010 - Q1,2,10,5,1,82000,100000
1/4/10 12:00 AM,2010,2010 - Q1,3,9,12,2,57186,70600
1/4/10 12:00 AM,2010,2010 - Q1,3,10,11,1,2041.2,2520
1/4/10 12:00 AM,2010,2010 - Q1,8,9,38,2,1795.8,2190
1/4/10 12:00 AM,2010,2010 - Q1,8,10,38,1,787.2,960
1/5/10 12:00 AM,2010,2010 - Q1,1,12,2,1,27552,33600
1/5/10 12:00 AM,2010,2010 - Q1,2,12,6,1,82410,100500
1/5/10 12:00 AM,2010,2010 - Q1,2,14,8,1,5100.4,6220
1/5/10 12:00 AM,2010,2010 - Q1,3,13,12,1,59292,73200
1/5/10 12:00 AM,2010,2010 - Q1,3,14,10,1,62775,77500
1/5/10 12:00 AM,2010,2010 - Q1,8,18,38,1,1242.3,1515
1/5/10 12:00 AM,2010,2010 - Q1,8,19,36,1,184336,224800
1/6/10 12:00 AM,2010,2010 - Q1,1,22,2,1,22140,27000
1/6/10 12:00 AM,2010,2010 - Q1,1,24,2,1,16564,20200
1/6/10 12:00 AM,2010,2010 - Q1,2,24,6,1,52480,64000
1/6/10 12:00 AM,2010,2010 - Q1,3,24,10,1,92340,114000
1/6/10 12:00 AM,2010,2010 - Q1,3,26,10,1,132030,163000
1/6/10 12:00 AM,2010,2010 - Q1,3,26,9,1,184842,228200
1/6/10 12:00 AM,2010,2010 - Q1,8,24,39,1,14878.08,18144
1/7/10 12:00 AM,2010,2010 - Q1,1,27,2,1,52480,64000
1/7/10 12:00 AM,2010,2010 - Q1,2,31,6,1,334560,408000
1/7/10 12:00 AM,2010,2010 - Q1,2,31,7,1,21123.2,25760
1/7/10 12:00 AM,2010,2010 - Q1,3,27,12,1,176472,205200
1/7/10 12:00 AM,2010,2010 - Q1,3,31,12,2,214488,264800
1/7/10 12:00 AM,2010,2010 - Q1,3,37,9,1,78813,97300
1/7/10 12:00 AM,2010,2010 - Q1,8,31,35,1,1056160,1288000
1/8/10 12:00 AM,2010,2010 - Q1,1,39,2,1,11644,14200
1/8/10 12:00 AM,2010,2010 - Q1,1,41,1,1,11890,14500
1/8/10 12:00 AM,2010,2010 - Q1,2,40,5,1,122180,149000
1/8/10 12:00 AM,2010,2010 - Q1,3,38,10,1,90300,105000
1/8/10 12:00 AM,2010,2010 - Q1,3,40,11,1,3037.5,3750
1/8/10 12:00 AM,2010,2010 - Q1,3,40,9,1,146853,181300
1/8/10 12:00 AM,2010,2010 - Q1,8,42,38,2,1230,1500
1/11/10 12:00 AM,2010,2010 - Q1,1,50,2,1,23780,29000
1/11/10 12:00 AM,2010,2010 - Q1,2,50,8,1,9954.8,12140
1/11/10 12:00 AM,2010,2010 - Q1,3,42,10,1,52245,64500
1/11/10 12:00 AM,2010,2010 - Q1,3,49,10,1,4860,6000
1/11/10 12:00 AM,2010,2010 - Q1,3,50,10,1,5670,7000
1/11/10 12:00 AM,2010,2010 - Q1,8,42,39,1,8919.96,10878
1/11/10 12:00 AM,2010,2010 - Q1,8,50,38,1,1377.6,1680
1/12/10 12:00 AM,2010,2010 - Q1,1,56,1,1,12710,15500
1/12/10 12:00 AM,2010,2010 - Q1,2,56,8,1,10233.6,12480
1/12/10 12:00 AM,2010,2010 - Q1,2,58,5,1,141040,172000
1/12/10 12:00 AM,2010,2010 - Q1,8,52,39,1,24176.88,29484
1/12/10 12:00 AM,2010,2010 - Q1,8,55,36,1,211232,257600
1/12/10 12:00 AM,2010,2010 - Q1,8,58,38,1,1291.5,1575
1/13/10 12:00 AM,2010,2010 - Q1,2,58,8,1,9102,11100
1/13/10 12:00 AM,2010,2010 - Q1,2,61,6,2,384580,469000
1/13/10 12:00 AM,2010,2010 - Q1,2,61,7,1,13079,15950
1/13/10 12:00 AM,2010,2010 - Q1,3,58,10,1,112185,138500
1/13/10 12:00 AM,2010,2010 - Q1,3,61,10,1,155520,192000
1/13/10 12:00 AM,2010,2010 - Q1,8,61,35,1,629760,768000
1/13/10 12:00 AM,2010,2010 - Q1,8,65,38,1,2595.3,3165
1/13/10 12:00 AM,2010,2010 - Q1,8,65,36,2,767520,936000
1/14/10 12:00 AM,2010,2010 - Q1,1,65,2,1,43788,53400
1/14/10 12:00 AM,2010,2010 - Q1,1,67,1,1,6396,7800
1/14/10 12:00 AM,2010,2010 - Q1,1,68,1,1,6806,8300
1/14/10 12:00 AM,2010,2010 - Q1,1,68,3,1,647.8,790
1/14/10 12:00 AM,2010,2010 - Q1,1,70,2,1,11972,14600
1/14/10 12:00 AM,2010,2010 - Q1,3,65,12,1,86508,106800
1/14/10 12:00 AM,2010,2010 - Q1,8,68,36,1,103648,126400
1/15/10 12:00 AM,2010,2010 - Q1,1,72,2,1,20992,25600
1/15/10 12:00 AM,2010,2010 - Q1,2,75,6,1,41000,50000
1/15/10 12:00 AM,2010,2010 - Q1,2,76,6,1,32390,39500
1/15/10 12:00 AM,2010,2010 - Q1,3,74,11,1,3037.5,3750
1/15/10 12:00 AM,2010,2010 - Q1,3,76,12,1,20898,25800
1/15/10 12:00 AM,2010,2010 - Q1,8,71,35,1,300120,366000
1/15/10 12:00 AM,2010,2010 - Q1,8,76,36,1,84624,103200
1/18/10 12:00 AM,2010,2010 - Q1,1,78,2,1,13776,16800
1/18/10 12:00 AM,2010,2010 - Q1,2,78,7,1,2640.4,3220
1/18/10 12:00 AM,2010,2010 - Q1,3,76,9,1,75411,93100
1/18/10 12:00 AM,2010,2010 - Q1,8,78,36,1,105616,128800
1/18/10 12:00 AM,2010,2010 - Q1,8,78,39,1,11709.6,14280
1/18/10 12:00 AM,2010,2010 - Q1,8,79,38,1,811.8,990
1/19/10 12:00 AM,2010,2010 - Q1,1,81,1,1,5576,6800
1/19/10 12:00 AM,2010,2010 - Q1,2,80,6,1,33620,41000
1/19/10 12:00 AM,2010,2010 - Q1,3,81,12,1,972,1200
1/19/10 12:00 AM,2010,2010 - Q1,3,85,11,1,2259.9,2790
1/19/10 12:00 AM,2010,2010 - Q1,8,80,39,1,9574.32,11676
1/19/10 12:00 AM,2010,2010 - Q1,8,81,38,2,1266.9,1545
1/19/10 12:00 AM,2010,2010 - Q1,8,81,35,1,218120,266000
1/20/10 12:00 AM,2010,2010 - Q1,1,86,3,1,1599,1950
1/20/10 12:00 AM,2010,2010 - Q1,1,91,2,1,46740,57000
1/20/10 12:00 AM,2010,2010 - Q1,2,90,8,1,14907.6,18180
1/20/10 12:00 AM,2010,2010 - Q1,2,90,7,1,7453.8,9090
1/20/10 12:00 AM,2010,2010 - Q1,3,86,12,1,65610,81000
1/20/10 12:00 AM,2010,2010 - Q1,8,90,39,1,31305.96,38178
1/21/10 12:00 AM,2010,2010 - Q1,1,97,2,1,13940,17000
1/21/10 12:00 AM,2010,2010 - Q1,2,92,6,1,293150,357500
1/21/10 12:00 AM,2010,2010 - Q1,3,93,11,1,3730.05,4605
1/21/10 12:00 AM,2010,2010 - Q1,3,98,10,1,116100,135000
1/21/10 12:00 AM,2010,2010 - Q1,3,98,12,1,46440,54000
1/21/10 12:00 AM,2010,2010 - Q1,8,92,35,1,941360,1148000
1/21/10 12:00 AM,2010,2010 - Q1,8,96,36,1,143664,175200
1/22/10 12:00 AM,2010,2010 - Q1,1,104,1,1,10660,13000
1/22/10 12:00 AM,2010,2010 - Q1,2,100,8,1,11102.8,13540
1/22/10 12:00 AM,2010,2010 - Q1,2,102,5,1,178760,218000
1/22/10 12:00 AM,2010,2010 - Q1,3,100,12,1,52650,65000
1/22/10 12:00 AM,2010,2010 - Q1,8,104,35,1,413280,504000
1/22/10 12:00 AM,2010,2010 - Q1,8,105,35,1,406720,496000
1/22/10 12:00 AM,2010,2010 - Q1,8,105,36,1,162688,198400
1/25/10 12:00 AM,2010,2010 - Q1,1,105,3,1,992.2,1210
1/25/10 12:00 AM,2010,2010 - Q1,2,110,7,1,3206.2,3910
1/25/10 12:00 AM,2010,2010 - Q1,2,111,7,1,3714.6,4530
1/25/10 12:00 AM,2010,2010 - Q1,2,112,6,1,61910,75500
1/25/10 12:00 AM,2010,2010 - Q1,3,109,10,1,4860,6000
1/25/10 12:00 AM,2010,2010 - Q1,8,109,38,2,2386.2,2910
1/25/10 12:00 AM,2010,2010 - Q1,8,112,36,1,166624,203200
1/26/10 12:00 AM,2010,2010 - Q1,1,112,1,1,10332,12600
1/26/10 12:00 AM,2010,2010 - Q1,1,119,1,1,12628,15400
1/26/10 12:00 AM,2010,2010 - Q1,1,119,2,1,25256,30800
1/26/10 12:00 AM,2010,2010 - Q1,2,119,7,1,5518.6,6730
1/26/10 12:00 AM,2010,2010 - Q1,3,112,10,1,4860,6000
1/26/10 12:00 AM,2010,2010 - Q1,8,115,39,1,9092.16,11088
1/26/10 12:00 AM,2010,2010 - Q1,8,117,35,1,636320,776000
1/27/10 12:00 AM,2010,2010 - Q1,1,5,2,1,52808,64400
1/27/10 12:00 AM,2010,2010 - Q1,2,1,7,1,11709.6,14280
1/27/10 12:00 AM,2010,2010 - Q1,2,3,7,1,6478,7900
1/27/10 12:00 AM,2010,2010 - Q1,3,1,11,1,1256.1,1590
1/27/10 12:00 AM,2010,2010 - Q1,3,1,9,1,60277,76300
1/27/10 12:00 AM,2010,2010 - Q1,3,5,9,1,365148,450800
1/27/10 12:00 AM,2010,2010 - Q1,3,9,10,1,19355,24500
1/27/10 12:00 AM,2010,2010 - Q1,8,3,39,1,28929.6,35280
1/28/10 12:00 AM,2010,2010 - Q1,1,10,2,1,15088,18400
1/28/10 12:00 AM,2010,2010 - Q1,1,12,1,1,15170,18500
1/28/10 12:00 AM,2010,2010 - Q1,3,9,11,1,580.65,735
1/28/10 12:00 AM,2010,2010 - Q1,3,10,12,1,8532,10800
1/28/10 12:00 AM,2010,2010 - Q1,3,10,11,1,616.2,780
1/28/10 12:00 AM,2010,2010 - Q1,3,14,10,1,16195,20500
1/28/10 12:00 AM,2010,2010 - Q1,3,14,11,1,485.85,615
1/28/10 12:00 AM,2010,2010 - Q1,8,12,39,1,25485.6,31080
1/29/10 12:00 AM,2010,2010 - Q1,2,18,5,1,126280,154000
1/29/10 12:00 AM,2010,2010 - Q1,3,18,10,1,30020,38000
1/29/10 12:00 AM,2010,2010 - Q1,3,22,12,1,474,600
1/29/10 12:00 AM,2010,2010 - Q1,8,15,38,1,1230,1500
1/29/10 12:00 AM,2010,2010 - Q1,8,18,35,1,423120,516000
1/29/10 12:00 AM,2010,2010 - Q1,8,18,36,1,175152,213600
1/29/10 12:00 AM,2010,2010 - Q1,8,19,37,1,106665.6,130080
1/29/10 12:00 AM,2010,2010 - Q1,8,22,38,1,1340.7,1635
2/1/10 12:00 AM,2010,2010 - Q1,1,31,1,1,27880,34000
2/1/10 12:00 AM,2010,2010 - Q1,3,27,12,1,27334,34600
2/1/10 12:00 AM,2010,2010 - Q1,3,27,11,1,6524.55,8055
2/1/10 12:00 AM,2010,2010 - Q1,3,27,9,1,95669,121100
2/1/10 12:00 AM,2010,2010 - Q1,3,31,10,1,80185,101500
2/1/10 12:00 AM,2010,2010 - Q1,8,23,35,1,216480,264000
2/1/10 12:00 AM,2010,2010 - Q1,8,27,38,1,2509.2,3060
2/1/10 12:00 AM,2010,2010 - Q1,8,31,38,1,2337,2850
2/2/10 12:00 AM,2010,2010 - Q1,1,37,2,1,12956,15800
2/2/10 12:00 AM,2010,2010 - Q1,2,36,8,1,5231.6,6380
2/2/10 12:00 AM,2010,2010 - Q1,2,36,7,1,2615.8,3190
2/2/10 12:00 AM,2010,2010 - Q1,3,36,10,1,17380,22000
2/2/10 12:00 AM,2010,2010 - Q1,3,36,9,1,25991,32900
2/2/10 12:00 AM,2010,2010 - Q1,3,37,11,1,556.95,705
2/2/10 12:00 AM,2010,2010 - Q1,8,38,38,1,442.8,540
2/2/10 12:00 AM,2010,2010 - Q1,8,38,37,1,51955.2,63360
2/3/10 12:00 AM,2010,2010 - Q1,1,38,1,1,5494,6700
2/3/10 12:00 AM,2010,2010 - Q1,1,40,1,1,11316,13800
2/3/10 12:00 AM,2010,2010 - Q1,2,39,8,1,4559.2,5560
2/3/10 12:00 AM,2010,2010 - Q1,2,41,5,1,130380,159000
2/3/10 12:00 AM,2010,2010 - Q1,2,41,8,1,8052.4,9820
2/3/10 12:00 AM,2010,2010 - Q1,3,39,12,1,22518,27800
2/3/10 12:00 AM,2010,2010 - Q1,3,39,11,1,521.4,660
2/3/10 12:00 AM,2010,2010 - Q1,8,39,35,1,242720,296000
2/4/10 12:00 AM,2010,2010 - Q1,1,41,1,1,14022,17100
2/4/10 12:00 AM,2010,2010 - Q1,1,50,3,1,1303.8,1590
2/4/10 12:00 AM,2010,2010 - Q1,2,42,6,1,34440,42000
2/4/10 12:00 AM,2010,2010 - Q1,2,49,8,1,7921.2,9660
2/4/10 12:00 AM,2010,2010 - Q1,2,50,6,1,77900,95000
2/4/10 12:00 AM,2010,2010 - Q1,3,49,11,1,145.8,180
2/4/10 12:00 AM,2010,2010 - Q1,3,50,9,1,1659,2100
2/4/10 12:00 AM,2010,2010 - Q1,8,52,36,1,198768,242400
2/5/10 12:00 AM,2010,2010 - Q1,2,57,5,1,337840,412000
2/5/10 12:00 AM,2010,2010 - Q1,2,58,6,1,77080,94000
2/5/10 12:00 AM,2010,2010 - Q1,3,52,12,1,474,600
2/5/10 12:00 AM,2010,2010 - Q1,8,58,37,2,251510.4,306720
2/5/10 12:00 AM,2010,2010 - Q1,8,58,36,1,205984,251200
2/5/10 12:00 AM,2010,2010 - Q1,8,59,37,1,101155.2,123360
2/5/10 12:00 AM,2010,2010 - Q1,8,61,35,1,677320,826000
2/5/10 12:00 AM,2010,2010 - Q1,8,61,37,1,162556.8,198240
2/8/10 12:00 AM,2010,2010 - Q1,1,65,1,1,25748,31400
2/8/10 12:00 AM,2010,2010 - Q1,2,61,5,1,431320,526000
2/8/10 12:00 AM,2010,2010 - Q1,2,67,6,1,34440,42000
2/8/10 12:00 AM,2010,2010 - Q1,2,68,8,1,6035.2,7360
2/8/10 12:00 AM,2010,2010 - Q1,3,68,12,1,8532,10800
2/8/10 12:00 AM,2010,2010 - Q1,8,67,35,1,231240,282000
2/8/10 12:00 AM,2010,2010 - Q1,8,67,36,1,92496,112800
2/8/10 12:00 AM,2010,2010 - Q1,8,70,37,1,59827.2,72960
2/9/10 12:00 AM,2010,2010 - Q1,2,72,8,1,8757.6,10680
2/9/10 12:00 AM,2010,2010 - Q1,2,74,6,1,47560,58000
2/9/10 12:00 AM,2010,2010 - Q1,3,72,11,1,805.8,1020
2/9/10 12:00 AM,2010,2010 - Q1,8,70,36,1,99712,121600
2/9/10 12:00 AM,2010,2010 - Q1,8,71,39,1,10951.92,13356
2/9/10 12:00 AM,2010,2010 - Q1,8,72,35,1,437880,534000
2/9/10 12:00 AM,2010,2010 - Q1,8,74,38,1,947.1,1155
2/9/10 12:00 AM,2010,2010 - Q1,8,74,37,1,79113.6,96480
2/10/10 12:00 AM,2010,2010 - Q1,1,74,2,1,16564,20200
2/10/10 12:00 AM,2010,2010 - Q1,1,75,2,1,16564,20200
2/10/10 12:00 AM,2010,2010 - Q1,2,75,6,1,49200,60000
2/10/10 12:00 AM,2010,2010 - Q1,2,76,5,1,64780,79000
2/10/10 12:00 AM,2010,2010 - Q1,3,74,9,2,64148,81200
2/10/10 12:00 AM,2010,2010 - Q1,3,75,9,1,103761,128100
2/10/10 12:00 AM,2010,2010 - Q1,8,75,38,1,861,1050
2/10/10 12:00 AM,2010,2010 - Q1,8,75,35,1,331280,404000
2/11/10 12:00 AM,2010,2010 - Q1,1,85,2,1,14432,17600
2/11/10 12:00 AM,2010,2010 - Q1,2,77,6,1,63550,77500
2/11/10 12:00 AM,2010,2010 - Q1,2,80,8,1,4444.4,5420
2/11/10 12:00 AM,2010,2010 - Q1,3,78,10,1,18565,23500
2/11/10 12:00 AM,2010,2010 - Q1,3,85,10,1,20540,26000
2/11/10 12:00 AM,2010,2010 - Q1,3,85,12,1,8216,10400
2/11/10 12:00 AM,2010,2010 - Q1,8,77,35,1,411640,502000
2/11/10 12:00 AM,2010,2010 - Q1,8,79,37,1,72422.4,88320
2/12/10 12:00 AM,2010,2010 - Q1,1,86,1,1,16318,19900
2/12/10 12:00 AM,2010,2010 - Q1,1,90,3,1,1927,2350
2/12/10 12:00 AM,2010,2010 - Q1,1,91,1,1,24682,30100
2/12/10 12:00 AM,2010,2010 - Q1,2,86,5,1,199260,243000
2/12/10 12:00 AM,2010,2010 - Q1,3,86,10,1,46610,59000
2/12/10 12:00 AM,2010,2010 - Q1,8,86,39,1,28895.16,35238
2/12/10 12:00 AM,2010,2010 - Q1,8,90,38,1,2201.7,2685
2/12/10 12:00 AM,2010,2010 - Q1,8,90,37,2,388876.8,474240
2/15/10 12:00 AM,2010,2010 - Q1,2,95,8,1,21959.6,26780
2/15/10 12:00 AM,2010,2010 - Q1,2,96,6,1,60270,73500
2/15/10 12:00 AM,2010,2010 - Q1,2,100,7,1,6068,7400
2/15/10 12:00 AM,2010,2010 - Q1,8,95,39,1,46115.16,56238
2/15/10 12:00 AM,2010,2010 - Q1,8,96,37,1,97219.2,118560
2/15/10 12:00 AM,2010,2010 - Q1,8,100,38,1,1266.9,1545
2/15/10 12:00 AM,2010,2010 - Q1,8,100,35,1,585480,714000
2/15/10 12:00 AM,2010,2010 - Q1,8,100,37,1,140515.2,171360
2/16/10 12:00 AM,2010,2010 - Q1,1,100,3,1,1459.6,1780
2/16/10 12:00 AM,2010,2010 - Q1,1,102,2,1,30504,37200
2/16/10 12:00 AM,2010,2010 - Q1,1,102,3,1,1525.2,1860
2/16/10 12:00 AM,2010,2010 - Q1,1,104,2,1,18696,22800
2/16/10 12:00 AM,2010,2010 - Q1,2,101,5,1,172200,210000
2/16/10 12:00 AM,2010,2010 - Q1,2,101,7,1,5789.2,7060
2/16/10 12:00 AM,2010,2010 - Q1,3,104,10,1,27255,34500
2/16/10 12:00 AM,2010,2010 - Q1,8,102,38,1,1279.2,1560
2/17/10 12:00 AM,2010,2010 - Q1,1,108,1,1,11234,13700
2/17/10 12:00 AM,2010,2010 - Q1,2,105,8,1,8774,10700
2/17/10 12:00 AM,2010,2010 - Q1,2,106,7,1,4600.2,5610
2/17/10 12:00 AM,2010,2010 - Q1,3,105,9,1,43687,55300
2/17/10 12:00 AM,2010,2010 - Q1,3,106,10,1,32785,41500
2/17/10 12:00 AM,2010,2010 - Q1,8,105,37,1,105091.2,128160
2/17/10 12:00 AM,2010,2010 - Q1,8,109,37,1,94857.6,115680
2/17/10 12:00 AM,2010,2010 - Q1,8,109,36,1,164656,200800
2/18/10 12:00 AM,2010,2010 - Q1,1,109,1,1,9840,12000
2/18/10 12:00 AM,2010,2010 - Q1,1,110,1,1,6888,8400
2/18/10 12:00 AM,2010,2010 - Q1,1,111,2,1,15744,19200
2/18/10 12:00 AM,2010,2010 - Q1,1,114,3,1,1410.4,1720
2/18/10 12:00 AM,2010,2010 - Q1,2,111,5,1,91020,111000
2/18/10 12:00 AM,2010,2010 - Q1,3,109,12,1,316,400
2/18/10 12:00 AM,2010,2010 - Q1,8,112,35,1,431320,526000
2/18/10 12:00 AM,2010,2010 - Q1,8,115,39,1,9333.24,11382
2/19/10 12:00 AM,2010,2010 - Q1,1,115,1,1,5494,6700
2/19/10 12:00 AM,2010,2010 - Q1,1,117,1,1,16400,20000
2/19/10 12:00 AM,2010,2010 - Q1,1,119,1,1,15580,19000
2/19/10 12:00 AM,2010,2010 - Q1,2,117,5,1,196800,240000
2/19/10 12:00 AM,2010,2010 - Q1,2,117,8,1,13169.2,16060
2/19/10 12:00 AM,2010,2010 - Q1,3,1,12,1,8162,10600
2/19/10 12:00 AM,2010,2010 - Q1,8,119,37,1,143664,175200
2/19/10 12:00 AM,2010,2010 - Q1,8,3,39,1,28103.04,34272
2/22/10 12:00 AM,2010,2010 - Q1,1,6,2,1,15744,19200
2/22/10 12:00 AM,2010,2010 - Q1,2,3,7,1,6691.2,8160
2/22/10 12:00 AM,2010,2010 - Q1,2,5,8,1,23550.4,28720
2/22/10 12:00 AM,2010,2010 - Q1,2,9,5,1,86920,106000
2/22/10 12:00 AM,2010,2010 - Q1,2,10,5,1,90200,110000
2/22/10 12:00 AM,2010,2010 - Q1,3,9,12,1,4004,5200
2/22/10 12:00 AM,2010,2010 - Q1,3,9,11,1,311.85,405
2/22/10 12:00 AM,2010,2010 - Q1,8,5,37,1,282604.8,344640
2/23/10 12:00 AM,2010,2010 - Q1,1,10,2,1,20500,25000
2/23/10 12:00 AM,2010,2010 - Q1,1,12,1,1,15252,18600
2/23/10 12:00 AM,2010,2010 - Q1,1,13,3,1,1525.2,1860
2/23/10 12:00 AM,2010,2010 - Q1,2,12,7,1,6100.8,7440
2/23/10 12:00 AM,2010,2010 - Q1,3,10,10,1,10010,13000
2/23/10 12:00 AM,2010,2010 - Q1,3,12,9,1,60830,77000
2/23/10 12:00 AM,2010,2010 - Q1,3,13,12,1,8624,11200
2/23/10 12:00 AM,2010,2010 - Q1,8,12,35,1,610080,744000
2/24/10 12:00 AM,2010,2010 - Q1,3,14,10,1,16590,21000
2/24/10 12:00 AM,2010,2010 - Q1,3,15,10,1,13475,17500
2/24/10 12:00 AM,2010,2010 - Q1,3,15,12,2,17240,22000
2/24/10 12:00 AM,2010,2010 - Q1,3,17,10,1,7315,9500
2/24/10 12:00 AM,2010,2010 - Q1,8,14,35,1,237800,290000
2/24/10 12:00 AM,2010,2010 - Q1,8,15,38,1,873.3,1065
2/24/10 12:00 AM,2010,2010 - Q1,8,15,37,1,92889.6,113280
2/24/10 12:00 AM,2010,2010 - Q1,8,15,39,1,17529.96,21378
2/25/10 12:00 AM,2010,2010 - Q1,1,18,1,1,11316,13800
2/25/10 12:00 AM,2010,2010 - Q1,2,18,6,1,67650,82500
2/25/10 12:00 AM,2010,2010 - Q1,2,19,8,1,7314.4,8920
2/25/10 12:00 AM,2010,2010 - Q1,3,17,12,1,2926,3800
2/25/10 12:00 AM,2010,2010 - Q1,3,17,9,1,10241,13300
2/25/10 12:00 AM,2010,2010 - Q1,3,18,9,1,44793,56700
2/25/10 12:00 AM,2010,2010 - Q1,8,19,35,1,377200,460000
2/25/10 12:00 AM,2010,2010 - Q1,8,19,37,1,90528,110400
2/26/10 12:00 AM,2010,2010 - Q1,1,19,2,1,18860,23000
2/26/10 12:00 AM,2010,2010 - Q1,1,19,3,1,1320.2,1610
2/26/10 12:00 AM,2010,2010 - Q1,1,22,1,1,12874,15700
2/26/10 12:00 AM,2010,2010 - Q1,2,22,7,2,11053.6,13480
2/26/10 12:00 AM,2010,2010 - Q1,3,19,10,1,385,500
2/26/10 12:00 AM,2010,2010 - Q1,3,19,12,1,154,200
2/26/10 12:00 AM,2010,2010 - Q1,8,22,36,1,216480,264000
2/26/10 12:00 AM,2010,2010 - Q1,8,22,39,1,21628.32,26376
3/1/10 12:00 AM,2010,2010 - Q1,2,24,7,1,3690,4500
3/1/10 12:00 AM,2010,2010 - Q1,2,26,6,1,89790,109500
3/1/10 12:00 AM,2010,2010 - Q1,2,36,5,1,75440,92000
3/1/10 12:00 AM,2010,2010 - Q1,2,36,7,1,2533.8,3090
3/1/10 12:00 AM,2010,2010 - Q1,8,26,38,1,799.5,975
3/1/10 12:00 AM,2010,2010 - Q1,8,26,36,1,239440,292000
3/1/10 12:00 AM,2010,2010 - Q1,8,26,39,1,24969,30450
3/1/10 12:00 AM,2010,2010 - Q1,8,27,38,1,2091,2550
3/2/10 12:00 AM,2010,2010 - Q1,1,37,1,1,9676,11800
3/2/10 12:00 AM,2010,2010 - Q1,1,39,3,1,934.8,1140
3/2/10 12:00 AM,2010,2010 - Q1,3,37,9,1,12397,16100
3/2/10 12:00 AM,2010,2010 - Q1,3,39,9,1,24885,31500
3/2/10 12:00 AM,2010,2010 - Q1,8,37,36,1,104960,128000
3/2/10 12:00 AM,2010,2010 - Q1,8,39,35,1,252560,308000
3/2/10 12:00 AM,2010,2010 - Q1,8,39,39,1,10607.52,12936
3/2/10 12:00 AM,2010,2010 - Q1,8,40,36,1,189584,231200
3/3/10 12:00 AM,2010,2010 - Q1,2,40,5,2,268960,328000
3/3/10 12:00 AM,2010,2010 - Q1,2,42,5,1,76260,93000
3/3/10 12:00 AM,2010,2010 - Q1,2,42,7,1,2566.6,3130
3/3/10 12:00 AM,2010,2010 - Q1,3,40,11,1,473.55,615
3/3/10 12:00 AM,2010,2010 - Q1,3,42,10,1,8855,11500
3/3/10 12:00 AM,2010,2010 - Q1,3,42,11,1,254.1,330
3/3/10 12:00 AM,2010,2010 - Q1,8,41,36,1,167280,204000
3/3/10 12:00 AM,2010,2010 - Q1,8,42,37,1,59433.6,72480
3/4/10 12:00 AM,2010,2010 - Q1,1,52,2,1,37884,46200
3/4/10 12:00 AM,2010,2010 - Q1,1,56,1,1,21812,26600
3/4/10 12:00 AM,2010,2010 - Q1,2,52,8,1,10840.4,13220
3/4/10 12:00 AM,2010,2010 - Q1,2,55,8,1,9348,11400
3/4/10 12:00 AM,2010,2010 - Q1,3,49,9,1,539,700
3/4/10 12:00 AM,2010,2010 - Q1,3,55,9,2,65247,83300
3/4/10 12:00 AM,2010,2010 - Q1,3,56,11,1,646.8,840
3/4/10 12:00 AM,2010,2010 - Q1,3,56,9,1,30184,39200
3/5/10 12:00 AM,2010,2010 - Q1,1,57,3,1,4042.6,4930
3/5/10 12:00 AM,2010,2010 - Q1,2,57,7,1,11586.6,14130
3/5/10 12:00 AM,2010,2010 - Q1,2,58,6,1,86920,106000
3/5/10 12:00 AM,2010,2010 - Q1,3,57,11,1,2298.9,2910
3/5/10 12:00 AM,2010,2010 - Q1,8,57,35,1,1157840,1412000
3/5/10 12:00 AM,2010,2010 - Q1,8,57,39,1,44875.32,54726
3/5/10 12:00 AM,2010,2010 - Q1,8,58,35,1,582200,710000
3/5/10 12:00 AM,2010,2010 - Q1,8,61,38,1,959.4,1170
3/8/10 12:00 AM,2010,2010 - Q1,1,61,2,1,50184,61200
3/8/10 12:00 AM,2010,2010 - Q1,2,61,6,1,223040,272000
3/8/10 12:00 AM,2010,2010 - Q1,2,61,7,1,13636.6,16630
3/8/10 12:00 AM,2010,2010 - Q1,3,65,10,1,62410,79000
3/8/10 12:00 AM,2010,2010 - Q1,3,67,12,1,6794,8600
3/8/10 12:00 AM,2010,2010 - Q1,8,61,39,1,28619.64,34902
3/8/10 12:00 AM,2010,2010 - Q1,8,70,37,1,66124.8,80640
3/8/10 12:00 AM,2010,2010 - Q1,8,70,36,1,103648,126400
3/9/10 12:00 AM,2010,2010 - Q1,2,70,8,1,5182.4,6320
3/9/10 12:00 AM,2010,2010 - Q1,2,71,5,1,87740,107000
3/9/10 12:00 AM,2010,2010 - Q1,2,71,8,2,11430.8,13940
3/9/10 12:00 AM,2010,2010 - Q1,3,70,9,1,12936,16800
3/9/10 12:00 AM,2010,2010 - Q1,3,71,12,1,4004,5200
3/9/10 12:00 AM,2010,2010 - Q1,8,73,35,1,219760,268000
3/9/10 12:00 AM,2010,2010 - Q1,8,73,39,1,9229.92,11256
3/9/10 12:00 AM,2010,2010 - Q1,8,74,35,1,334560,408000
3/10/10 12:00 AM,2010,2010 - Q1,1,76,1,1,8364,10200
3/10/10 12:00 AM,2010,2010 - Q1,2,74,7,1,3222.6,3930
3/10/10 12:00 AM,2010,2010 - Q1,2,75,7,1,3526,4300
3/10/10 12:00 AM,2010,2010 - Q1,3,74,10,1,11165,14500
3/10/10 12:00 AM,2010,2010 - Q1,3,74,12,1,4466,5800
3/10/10 12:00 AM,2010,2010 - Q1,3,77,11,1,473.55,615
3/10/10 12:00 AM,2010,2010 - Q1,3,77,9,1,22099,28700
3/10/10 12:00 AM,2010,2010 - Q1,8,76,38,1,467.4,570
3/11/10 12:00 AM,2010,2010 - Q1,1,77,2,1,31816,38800
3/11/10 12:00 AM,2010,2010 - Q1,1,79,3,1,1156.2,1410
3/11/10 12:00 AM,2010,2010 - Q1,2,78,6,1,40590,49500
3/11/10 12:00 AM,2010,2010 - Q1,2,79,6,1,51250,62500
3/11/10 12:00 AM,2010,2010 - Q1,2,80,6,1,34850,42500
3/11/10 12:00 AM,2010,2010 - Q1,3,78,10,1,10010,13000
3/11/10 12:00 AM,2010,2010 - Q1,3,79,10,1,385,500
3/11/10 12:00 AM,2010,2010 - Q1,8,78,35,1,290280,354000
3/12/10 12:00 AM,2010,2010 - Q1,1,85,1,1,9020,11000
3/12/10 12:00 AM,2010,2010 - Q1,1,85,2,1,17056,20800
3/12/10 12:00 AM,2010,2010 - Q1,2,85,5,1,72980,89000
3/12/10 12:00 AM,2010,2010 - Q1,2,85,8,1,5198.8,6340
3/12/10 12:00 AM,2010,2010 - Q1,2,86,8,1,13005.2,15860
3/12/10 12:00 AM,2010,2010 - Q1,8,86,38,1,873.3,1065
3/12/10 12:00 AM,2010,2010 - Q1,8,86,35,1,649440,792000
3/12/10 12:00 AM,2010,2010 - Q1,8,86,36,1,280112,341600
3/15/10 12:00 AM,2010,2010 - Q1,1,87,3,1,1533.4,1870
3/15/10 12:00 AM,2010,2010 - Q1,1,90,2,1,61336,74800
3/15/10 12:00 AM,2010,2010 - Q1,1,91,1,1,30914,37700
3/15/10 12:00 AM,2010,2010 - Q1,1,91,2,1,68716,83800
3/15/10 12:00 AM,2010,2010 - Q1,2,90,7,1,8798.6,10730
3/15/10 12:00 AM,2010,2010 - Q1,3,86,10,1,24255,31500
3/15/10 12:00 AM,2010,2010 - Q1,3,87,11,1,450.45,585
3/15/10 12:00 AM,2010,2010 - Q1,8,92,39,1,36437.52,44436
3/16/10 12:00 AM,2010,2010 - Q1,1,97,3,1,1098.8,1340
3/16/10 12:00 AM,2010,2010 - Q1,1,101,1,1,19106,23300
3/16/10 12:00 AM,2010,2010 - Q1,1,101,3,1,1910.6,2330
3/16/10 12:00 AM,2010,2010 - Q1,2,96,6,1,66830,81500
3/16/10 12:00 AM,2010,2010 - Q1,2,96,7,1,4493.6,5480
3/16/10 12:00 AM,2010,2010 - Q1,2,98,6,1,49200,60000
3/16/10 12:00 AM,2010,2010 - Q1,3,101,9,1,25333,32900
3/16/10 12:00 AM,2010,2010 - Q1,8,102,37,1,148780.8,181440
3/17/10 12:00 AM,2010,2010 - Q1,1,104,1,1,12300,15000
3/17/10 12:00 AM,2010,2010 - Q1,1,104,3,1,1230,1500
3/17/10 12:00 AM,2010,2010 - Q1,2,102,6,1,92660,113000
3/17/10 12:00 AM,2010,2010 - Q1,2,105,6,1,72570,88500
3/17/10 12:00 AM,2010,2010 - Q1,3,105,12,1,12798,16200
3/17/10 12:00 AM,2010,2010 - Q1,3,105,11,1,959.85,1215
3/17/10 12:00 AM,2010,2010 - Q1,8,105,35,1,485440,592000
3/17/10 12:00 AM,2010,2010 - Q1,8,105,36,1,174496,212800
3/18/10 12:00 AM,2010,2010 - Q1,1,105,2,1,30504,37200
3/18/10 12:00 AM,2010,2010 - Q1,2,109,5,1,101680,124000
3/18/10 12:00 AM,2010,2010 - Q1,3,108,9,1,23177,30100
3/18/10 12:00 AM,2010,2010 - Q1,3,109,9,1,539,700
3/18/10 12:00 AM,2010,2010 - Q1,8,106,38,1,639.6,780
3/18/10 12:00 AM,2010,2010 - Q1,8,108,35,1,482160,588000
3/18/10 12:00 AM,2010,2010 - Q1,8,109,36,1,135792,165600
3/18/10 12:00 AM,2010,2010 - Q1,8,110,35,1,278800,340000
3/19/10 12:00 AM,2010,2010 - Q1,1,112,2,1,23944,29200
3/19/10 12:00 AM,2010,2010 - Q1,2,110,5,2,168100,205000
3/19/10 12:00 AM,2010,2010 - Q1,2,110,6,1,41410,50500
3/19/10 12:00 AM,2010,2010 - Q1,2,111,6,1,45510,55500
3/19/10 12:00 AM,2010,2010 - Q1,2,112,5,1,142680,174000
3/19/10 12:00 AM,2010,2010 - Q1,3,115,12,1,3080,4000
3/19/10 12:00 AM,2010,2010 - Q1,8,110,39,1,12019.56,14658
3/19/10 12:00 AM,2010,2010 - Q1,8,111,39,1,12880.56,15708
3/22/10 12:00 AM,2010,2010 - Q1,1,119,1,1,16154,19700
3/22/10 12:00 AM,2010,2010 - Q1,1,22,3,1,1804,2200
3/22/10 12:00 AM,2010,2010 - Q1,2,22,7,1,7216,8800
3/22/10 12:00 AM,2010,2010 - Q1,3,117,12,1,9086,11800
3/22/10 12:00 AM,2010,2010 - Q1,3,3,11,1,12675.6,15090
3/22/10 12:00 AM,2010,2010 - Q1,3,22,9,1,20468,23800
3/22/10 12:00 AM,2010,2010 - Q1,3,34,9,1,459228,546700
3/22/10 12:00 AM,2010,2010 - Q1,8,39,35,1,436240,532000
3/23/10 12:00 AM,2010,2010 - Q1,1,52,2,1,35424,43200
3/23/10 12:00 AM,2010,2010 - Q1,1,65,1,1,34207,43300
3/23/10 12:00 AM,2010,2010 - Q1,2,39,5,1,130380,159000
3/23/10 12:00 AM,2010,2010 - Q1,2,52,7,1,7101.2,8660
3/23/10 12:00 AM,2010,2010 - Q1,2,60,7,1,7880.2,9610
3/23/10 12:00 AM,2010,2010 - Q1,2,96,7,1,7101.2,8660
3/23/10 12:00 AM,2010,2010 - Q1,8,74,39,1,16806.72,20496
3/24/10 12:00 AM,2010,2010 - Q1,3,10,9,1,95256,117600
3/24/10 12:00 AM,2010,2010 - Q1,8,5,37,1,244819.2,298560
3/25/10 12:00 AM,2010,2010 - Q1,1,37,1,1,5822,7100
3/25/10 12:00 AM,2010,2010 - Q1,3,24,12,1,59340,69000
3/25/10 12:00 AM,2010,2010 - Q1,8,15,36,1,165312,201600
3/26/10 12:00 AM,2010,2010 - Q1,1,41,2,1,23780,29000
3/26/10 12:00 AM,2010,2010 - Q1,1,56,3,1,1312,1600
3/26/10 12:00 AM,2010,2010 - Q1,2,50,5,1,142680,174000
3/26/10 12:00 AM,2010,2010 - Q1,3,56,11,1,3912.3,4830
3/29/10 12:00 AM,2010,2010 - Q1,1,76,2,1,11152,13600
3/29/10 12:00 AM,2010,2010 - Q1,3,67,9,1,91854,113400
3/29/10 12:00 AM,2010,2010 - Q1,8,74,37,1,29126.4,35520
3/29/10 12:00 AM,2010,2010 - Q1,8,79,37,1,0,0
3/30/10 12:00 AM,2010,2010 - Q1,2,81,7,1,2246.8,2740
3/30/10 12:00 AM,2010,2010 - Q1,8,86,35,1,664200,810000
3/30/10 12:00 AM,2010,2010 - Q1,8,91,35,1,900360,1098000
3/31/10 12:00 AM,2010,2010 - Q1,3,96,11,1,2818.8,3480
3/31/10 12:00 AM,2010,2010 - Q1,3,104,9,1,147987,182700
3/31/10 12:00 AM,2010,2010 - Q1,8,111,37,1,75571.2,92160
3/31/10 12:00 AM,2010,2010 - Q1,8,115,37,1,51955.2,63360
4/1/10 12:00 AM,2010,2010 - Q2,1,1,3,1,2115.6,2580
4/1/10 12:00 AM,2010,2010 - Q2,1,3,2,1,44116,53800
4/1/10 12:00 AM,2010,2010 - Q2,1,24,2,1,24764,30200
4/1/10 12:00 AM,2010,2010 - Q2,2,18,7,1,4428,5400
4/1/10 12:00 AM,2010,2010 - Q2,2,24,8,1,7117.6,8680
4/1/10 12:00 AM,2010,2010 - Q2,3,1,12,1,8316,10800
4/1/10 12:00 AM,2010,2010 - Q2,8,3,38,1,848.7,1035
4/1/10 12:00 AM,2010,2010 - Q2,8,14,35,1,252560,308000
4/2/10 12:00 AM,2010,2010 - Q2,2,55,7,1,4723.2,5760
4/2/10 12:00 AM,2010,2010 - Q2,2,58,6,1,82410,100500
4/2/10 12:00 AM,2010,2010 - Q2,3,27,11,1,900.9,1170
4/2/10 12:00 AM,2010,2010 - Q2,3,49,10,1,385,500
4/2/10 12:00 AM,2010,2010 - Q2,3,55,12,1,4312,5600
4/2/10 12:00 AM,2010,2010 - Q2,8,41,38,1,528.9,645
4/2/10 12:00 AM,2010,2010 - Q2,8,61,37,1,173577.6,211680
4/5/10 12:00 AM,2010,2010 - Q2,1,75,3,1,1164.4,1420
4/5/10 12:00 AM,2010,2010 - Q2,2,77,6,1,64370,78500
4/5/10 12:00 AM,2010,2010 - Q2,3,67,12,1,3080,4000
4/5/10 12:00 AM,2010,2010 - Q2,3,78,10,1,10395,13500
4/5/10 12:00 AM,2010,2010 - Q2,8,62,37,1,107059.2,130560
4/5/10 12:00 AM,2010,2010 - Q2,8,76,35,1,227960,278000
4/5/10 12:00 AM,2010,2010 - Q2,8,77,37,1,103123.2,125760
4/6/10 12:00 AM,2010,2010 - Q2,1,90,3,1,4149.2,5060
4/6/10 12:00 AM,2010,2010 - Q2,1,95,1,1,52890,64500
4/6/10 12:00 AM,2010,2010 - Q2,2,79,5,1,99220,121000
4/6/10 12:00 AM,2010,2010 - Q2,2,97,5,1,97580,119000
4/6/10 12:00 AM,2010,2010 - Q2,2,98,6,1,51250,62500
4/6/10 12:00 AM,2010,2010 - Q2,3,87,9,1,21560,28000
4/6/10 12:00 AM,2010,2010 - Q2,8,87,38,1,602.7,735
4/7/10 12:00 AM,2010,2010 - Q2,1,98,1,1,11972,14600
4/7/10 12:00 AM,2010,2010 - Q2,1,105,3,1,1574.4,1920
4/7/10 12:00 AM,2010,2010 - Q2,2,102,6,1,87740,107000
4/7/10 12:00 AM,2010,2010 - Q2,3,1,11,1,438.9,570
4/7/10 12:00 AM,2010,2010 - Q2,8,108,36,1,200736,244800
4/7/10 12:00 AM,2010,2010 - Q2,8,117,36,1,270272,329600
4/7/10 12:00 AM,2010,2010 - Q2,8,1,38,1,393.6,480
4/7/10 12:00 AM,2010,2010 - Q2,8,115,37,1,55497.6,67680
4/8/10 12:00 AM,2010,2010 - Q2,2,3,5,1,182860,223000
4/8/10 12:00 AM,2010,2010 - Q2,2,3,6,1,91430,111500
4/8/10 12:00 AM,2010,2010 - Q2,3,3,12,1,5544,7200
4/8/10 12:00 AM,2010,2010 - Q2,3,5,11,1,820.05,1065
4/8/10 12:00 AM,2010,2010 - Q2,8,5,35,1,1177520,1436000
4/8/10 12:00 AM,2010,2010 - Q2,8,5,39,1,51281.16,62538
4/8/10 12:00 AM,2010,2010 - Q2,8,6,35,1,226320,276000
4/9/10 12:00 AM,2010,2010 - Q2,2,9,5,1,85280,104000
4/9/10 12:00 AM,2010,2010 - Q2,2,9,6,1,44280,54000
4/9/10 12:00 AM,2010,2010 - Q2,3,6,11,1,242.55,315
4/9/10 12:00 AM,2010,2010 - Q2,3,9,12,1,2618,3400
4/9/10 12:00 AM,2010,2010 - Q2,8,6,39,1,9505.44,11592
4/9/10 12:00 AM,2010,2010 - Q2,8,9,37,1,70848,86400
4/9/10 12:00 AM,2010,2010 - Q2,8,10,39,1,12398.4,15120
4/12/10 12:00 AM,2010,2010 - Q2,1,12,1,1,28290,34500
4/12/10 12:00 AM,2010,2010 - Q2,1,13,2,1,62976,76800
4/12/10 12:00 AM,2010,2010 - Q2,1,13,3,1,3148.8,3840
4/12/10 12:00 AM,2010,2010 - Q2,1,14,1,1,11644,14200
4/12/10 12:00 AM,2010,2010 - Q2,2,10,5,1,88560,108000
4/12/10 12:00 AM,2010,2010 - Q2,3,15,12,1,3696,4800
4/12/10 12:00 AM,2010,2010 - Q2,8,12,35,1,588760,718000
4/13/10 12:00 AM,2010,2010 - Q2,1,19,3,1,1992.6,2430
4/13/10 12:00 AM,2010,2010 - Q2,1,22,3,1,2968.4,3620
4/13/10 12:00 AM,2010,2010 - Q2,2,18,7,1,4723.2,5760
4/13/10 12:00 AM,2010,2010 - Q2,3,15,9,1,12936,16800
4/13/10 12:00 AM,2010,2010 - Q2,3,18,12,1,4466,5800
4/13/10 12:00 AM,2010,2010 - Q2,8,20,37,1,53529.6,65280
4/13/10 12:00 AM,2010,2010 - Q2,8,26,38,1,824.1,1005
4/14/10 12:00 AM,2010,2010 - Q2,1,31,3,1,5256.2,6410
4/14/10 12:00 AM,2010,2010 - Q2,2,31,5,1,597780,729000
4/14/10 12:00 AM,2010,2010 - Q2,2,37,8,1,5280.8,6440
4/14/10 12:00 AM,2010,2010 - Q2,3,37,11,1,173.25,225
4/14/10 12:00 AM,2010,2010 - Q2,3,115,11,1,413.1,510
4/14/10 12:00 AM,2010,2010 - Q2,8,26,37,1,147206.4,179520
4/14/10 12:00 AM,2010,2010 - Q2,8,27,39,1,36540.84,44562
4/14/10 12:00 AM,2010,2010 - Q2,8,31,36,1,420496,512800
4/15/10 12:00 AM,2010,2010 - Q2,1,39,2,1,27060,33000
4/15/10 12:00 AM,2010,2010 - Q2,2,38,5,1,66420,81000
4/15/10 12:00 AM,2010,2010 - Q2,2,39,7,1,2788,3400
4/15/10 12:00 AM,2010,2010 - Q2,3,37,9,1,8085,10500
4/15/10 12:00 AM,2010,2010 - Q2,3,38,9,1,7007,9100
4/15/10 12:00 AM,2010,2010 - Q2,3,39,9,1,8624,11200
4/15/10 12:00 AM,2010,2010 - Q2,8,39,39,1,11709.6,14280
4/16/10 12:00 AM,2010,2010 - Q2,1,41,3,2,4100,5000
4/16/10 12:00 AM,2010,2010 - Q2,2,42,8,1,4969.2,6060
4/16/10 12:00 AM,2010,2010 - Q2,3,40,11,1,277.2,360
4/16/10 12:00 AM,2010,2010 - Q2,3,41,10,1,9240,12000
4/16/10 12:00 AM,2010,2010 - Q2,8,40,39,1,17185.56,20958
4/16/10 12:00 AM,2010,2010 - Q2,8,42,38,1,147.6,180
4/16/10 12:00 AM,2010,2010 - Q2,8,42,36,1,102992,125600
4/19/10 12:00 AM,2010,2010 - Q2,1,42,1,1,12382,15100
4/19/10 12:00 AM,2010,2010 - Q2,1,42,2,1,25748,31400
4/19/10 12:00 AM,2010,2010 - Q2,1,42,3,1,1287.4,1570
4/19/10 12:00 AM,2010,2010 - Q2,3,55,12,1,4466,5800
4/19/10 12:00 AM,2010,2010 - Q2,8,50,38,1,369,450
4/19/10 12:00 AM,2010,2010 - Q2,8,50,35,1,603520,736000
4/19/10 12:00 AM,2010,2010 - Q2,8,50,36,1,241408,294400
4/20/10 12:00 AM,2010,2010 - Q2,1,56,3,1,2271.4,2770
4/20/10 12:00 AM,2010,2010 - Q2,1,57,1,1,41984,51200
4/20/10 12:00 AM,2010,2010 - Q2,1,58,3,1,2738.8,3340
4/20/10 12:00 AM,2010,2010 - Q2,3,55,11,1,334.95,435
4/20/10 12:00 AM,2010,2010 - Q2,3,55,9,1,15092,19600
4/20/10 12:00 AM,2010,2010 - Q2,3,57,10,1,41580,54000
4/20/10 12:00 AM,2010,2010 - Q2,8,56,37,1,155865.6,190080
4/21/10 12:00 AM,2010,2010 - Q2,1,61,1,1,37392,45600
4/21/10 12:00 AM,2010,2010 - Q2,1,67,1,2,33128,40400
4/21/10 12:00 AM,2010,2010 - Q2,2,65,7,1,9061,11050
4/21/10 12:00 AM,2010,2010 - Q2,2,67,5,1,81180,99000
4/21/10 12:00 AM,2010,2010 - Q2,3,65,12,1,8316,10800
4/21/10 12:00 AM,2010,2010 - Q2,3,67,12,1,2156,2800
4/21/10 12:00 AM,2010,2010 - Q2,8,61,38,1,467.4,570
4/22/10 12:00 AM,2010,2010 - Q2,1,67,2,1,40836,49800
4/22/10 12:00 AM,2010,2010 - Q2,1,67,3,1,1221.8,1490
4/22/10 12:00 AM,2010,2010 - Q2,2,68,7,1,3206.2,3910
4/22/10 12:00 AM,2010,2010 - Q2,3,68,10,1,7315,9500
4/22/10 12:00 AM,2010,2010 - Q2,3,70,10,1,6930,9000
4/22/10 12:00 AM,2010,2010 - Q2,8,68,35,1,319800,390000
4/22/10 12:00 AM,2010,2010 - Q2,8,71,36,1,121360,148000
4/23/10 12:00 AM,2010,2010 - Q2,1,71,2,1,31980,39000
4/23/10 12:00 AM,2010,2010 - Q2,2,72,8,1,8560.8,10440
4/23/10 12:00 AM,2010,2010 - Q2,3,71,10,1,10395,13500
4/23/10 12:00 AM,2010,2010 - Q2,3,74,9,1,9702,12600
4/23/10 12:00 AM,2010,2010 - Q2,3,76,9,1,7546,9800
4/23/10 12:00 AM,2010,2010 - Q2,8,72,36,1,171216,208800
4/23/10 12:00 AM,2010,2010 - Q2,8,76,36,1,97744,119200
4/23/10 12:00 AM,2010,2010 - Q2,8,117,36,1,257152,313600
4/26/10 12:00 AM,2010,2010 - Q2,1,77,2,1,41820,51000
4/26/10 12:00 AM,2010,2010 - Q2,2,78,5,1,86920,106000
4/26/10 12:00 AM,2010,2010 - Q2,8,77,35,1,418200,510000
4/26/10 12:00 AM,2010,2010 - Q2,8,78,39,1,12295.08,14994
4/26/10 12:00 AM,2010,2010 - Q2,8,79,38,1,209.1,255
4/26/10 12:00 AM,2010,2010 - Q2,8,79,35,1,346040,422000
4/26/10 12:00 AM,2010,2010 - Q2,8,79,39,1,15050.28,18354
4/27/10 12:00 AM,2010,2010 - Q2,1,79,3,1,1730.2,2110
4/27/10 12:00 AM,2010,2010 - Q2,1,85,2,1,24764,30200
4/27/10 12:00 AM,2010,2010 - Q2,2,83,6,1,66830,81500
4/27/10 12:00 AM,2010,2010 - Q2,3,86,9,1,24794,32200
4/27/10 12:00 AM,2010,2010 - Q2,3,87,10,1,11455,14500
4/27/10 12:00 AM,2010,2010 - Q2,8,83,38,1,135.3,165
4/27/10 12:00 AM,2010,2010 - Q2,8,85,37,1,59433.6,72480
4/28/10 12:00 AM,2010,2010 - Q2,1,95,1,1,47478,57900
4/28/10 12:00 AM,2010,2010 - Q2,2,90,6,1,117260,143000
4/28/10 12:00 AM,2010,2010 - Q2,2,91,6,1,227140,277000
4/28/10 12:00 AM,2010,2010 - Q2,2,95,7,1,9503.8,11590
4/28/10 12:00 AM,2010,2010 - Q2,8,90,38,1,479.7,585
4/28/10 12:00 AM,2010,2010 - Q2,8,92,35,1,898720,1096000
4/28/10 12:00 AM,2010,2010 - Q2,8,96,35,1,428040,522000
4/29/10 12:00 AM,2010,2010 - Q2,1,96,1,1,21402,26100
4/29/10 12:00 AM,2010,2010 - Q2,2,97,8,1,5969.6,7280
4/29/10 12:00 AM,2010,2010 - Q2,3,96,11,1,450.45,585
4/29/10 12:00 AM,2010,2010 - Q2,3,98,10,1,8470,11000
4/29/10 12:00 AM,2010,2010 - Q2,8,96,36,1,175808,214400
4/29/10 12:00 AM,2010,2010 - Q2,8,97,35,1,298480,364000
4/29/10 12:00 AM,2010,2010 - Q2,8,98,36,1,145632,177600
4/30/10 12:00 AM,2010,2010 - Q2,1,98,1,1,18860,23000
4/30/10 12:00 AM,2010,2010 - Q2,1,100,3,1,4501.8,5490
4/30/10 12:00 AM,2010,2010 - Q2,2,104,6,1,52890,64500
4/30/10 12:00 AM,2010,2010 - Q2,2,106,6,1,75440,92000
4/30/10 12:00 AM,2010,2010 - Q2,2,117,5,1,199260,243000
4/30/10 12:00 AM,2010,2010 - Q2,3,105,11,1,300.3,390
4/30/10 12:00 AM,2010,2010 - Q2,8,100,39,1,23798.04,29022
4/30/10 12:00 AM,2010,2010 - Q2,8,104,39,1,14912.52,18186
5/3/10 12:00 AM,2010,2010 - Q2,1,106,3,1,2517.4,3070
5/3/10 12:00 AM,2010,2010 - Q2,1,108,1,1,24026,29300
5/3/10 12:00 AM,2010,2010 - Q2,2,108,7,1,4813.4,5870
5/3/10 12:00 AM,2010,2010 - Q2,8,108,38,1,295.2,360
5/3/10 12:00 AM,2010,2010 - Q2,8,109,38,1,184.5,225
5/3/10 12:00 AM,2010,2010 - Q2,8,109,35,1,278800,340000
5/3/10 12:00 AM,2010,2010 - Q2,8,109,39,1,11744.04,14322
5/4/10 12:00 AM,2010,2010 - Q2,1,110,2,1,27880,34000
5/4/10 12:00 AM,2010,2010 - Q2,1,114,2,1,42640,52000
5/4/10 12:00 AM,2010,2010 - Q2,2,111,6,1,50430,61500
5/4/10 12:00 AM,2010,2010 - Q2,3,114,10,1,21175,27500
5/4/10 12:00 AM,2010,2010 - Q2,8,111,37,1,80688,98400
5/4/10 12:00 AM,2010,2010 - Q2,8,117,38,1,369,450
5/4/10 12:00 AM,2010,2010 - Q2,8,1,35,1,647800,790000
5/5/10 12:00 AM,2010,2010 - Q2,1,1,1,1,51578,62900
5/5/10 12:00 AM,2010,2010 - Q2,1,1,3,1,5157.8,6290
5/5/10 12:00 AM,2010,2010 - Q2,1,3,1,1,50594,61700
5/5/10 12:00 AM,2010,2010 - Q2,1,3,2,1,101188,123400
5/5/10 12:00 AM,2010,2010 - Q2,3,3,11,1,474,600
5/5/10 12:00 AM,2010,2010 - Q2,3,4,10,1,24885,31500
5/5/10 12:00 AM,2010,2010 - Q2,8,1,39,1,27242.04,33222
5/6/10 12:00 AM,2010,2010 - Q2,2,10,5,1,94300,115000
5/6/10 12:00 AM,2010,2010 - Q2,2,10,8,1,6297.6,7680
5/6/10 12:00 AM,2010,2010 - Q2,3,5,12,1,11850,15000
5/6/10 12:00 AM,2010,2010 - Q2,3,9,10,1,5775,7500
5/6/10 12:00 AM,2010,2010 - Q2,3,9,12,1,2310,3000
5/6/10 12:00 AM,2010,2010 - Q2,8,6,37,1,57859.2,70560
5/6/10 12:00 AM,2010,2010 - Q2,8,9,36,1,99056,120800
5/7/10 12:00 AM,2010,2010 - Q2,2,12,7,1,6232,7600
5/7/10 12:00 AM,2010,2010 - Q2,2,14,6,1,37310,45500
5/7/10 12:00 AM,2010,2010 - Q2,2,117,8,1,13300.4,16220
5/7/10 12:00 AM,2010,2010 - Q2,3,10,11,1,225.15,285
5/7/10 12:00 AM,2010,2010 - Q2,3,12,12,1,5372,6800
5/7/10 12:00 AM,2010,2010 - Q2,8,12,35,1,623200,760000
5/7/10 12:00 AM,2010,2010 - Q2,8,12,36,1,249280,304000
5/7/10 12:00 AM,2010,2010 - Q2,8,12,39,1,24831.24,30282
5/10/10 12:00 AM,2010,2010 - Q2,1,18,1,1,36818,44900
5/10/10 12:00 AM,2010,2010 - Q2,1,18,2,1,73636,89800
5/10/10 12:00 AM,2010,2010 - Q2,2,14,7,1,2599.4,3170
5/10/10 12:00 AM,2010,2010 - Q2,2,18,7,1,5207,6350
5/10/10 12:00 AM,2010,2010 - Q2,3,14,12,1,2212,2800
5/10/10 12:00 AM,2010,2010 - Q2,8,15,39,1,19975.2,24360
5/10/10 12:00 AM,2010,2010 - Q2,8,18,35,1,490360,598000
5/11/10 12:00 AM,2010,2010 - Q2,1,19,1,1,33210,40500
5/11/10 12:00 AM,2010,2010 - Q2,1,24,2,2,101680,124000
5/11/10 12:00 AM,2010,2010 - Q2,2,22,8,1,12398.4,15120
5/11/10 12:00 AM,2010,2010 - Q2,3,24,10,1,8855,11500
5/11/10 12:00 AM,2010,2010 - Q2,3,24,11,1,265.65,345
5/11/10 12:00 AM,2010,2010 - Q2,3,24,9,1,12397,16100
5/11/10 12:00 AM,2010,2010 - Q2,8,26,38,1,381.3,465
5/12/10 12:00 AM,2010,2010 - Q2,1,26,1,1,45018,54900
5/12/10 12:00 AM,2010,2010 - Q2,2,31,5,1,689620,841000
5/12/10 12:00 AM,2010,2010 - Q2,2,31,7,1,22238.4,27120
5/12/10 12:00 AM,2010,2010 - Q2,3,26,10,1,14220,18000
5/12/10 12:00 AM,2010,2010 - Q2,8,31,35,1,1111920,1356000
5/12/10 12:00 AM,2010,2010 - Q2,8,31,36,1,444768,542400
5/12/10 12:00 AM,2010,2010 - Q2,8,31,39,1,48319.32,58926
5/13/10 12:00 AM,2010,2010 - Q2,2,37,5,1,79540,97000
5/13/10 12:00 AM,2010,2010 - Q2,3,34,12,1,4266,5400
5/13/10 12:00 AM,2010,2010 - Q2,3,37,11,1,177.75,225
5/13/10 12:00 AM,2010,2010 - Q2,8,34,37,1,109420.8,133440
5/13/10 12:00 AM,2010,2010 - Q2,8,34,39,1,19699.68,24024
5/13/10 12:00 AM,2010,2010 - Q2,8,36,35,1,272240,332000
5/13/10 12:00 AM,2010,2010 - Q2,8,38,35,1,242720,296000
5/14/10 12:00 AM,2010,2010 - Q2,2,41,7,1,3886.8,4740
5/14/10 12:00 AM,2010,2010 - Q2,2,42,6,1,38540,47000
5/14/10 12:00 AM,2010,2010 - Q2,2,45,5,1,68060,83000
5/14/10 12:00 AM,2010,2010 - Q2,3,38,9,1,7742,9800
5/14/10 12:00 AM,2010,2010 - Q2,3,41,12,1,3476,4400
5/14/10 12:00 AM,2010,2010 - Q2,3,41,9,1,12166,15400
5/14/10 12:00 AM,2010,2010 - Q2,3,42,12,1,2212,2800
5/14/10 12:00 AM,2010,2010 - Q2,3,117,10,1,39285,48500
5/17/10 12:00 AM,2010,2010 - Q2,1,45,3,1,1754.8,2140
5/17/10 12:00 AM,2010,2010 - Q2,2,45,7,1,2345.2,2860
5/17/10 12:00 AM,2010,2010 - Q2,2,49,5,1,93480,114000
5/17/10 12:00 AM,2010,2010 - Q2,2,50,7,1,6068,7400
5/17/10 12:00 AM,2010,2010 - Q2,8,49,35,1,314880,384000
5/17/10 12:00 AM,2010,2010 - Q2,8,50,36,1,233536,284800
5/17/10 12:00 AM,2010,2010 - Q2,8,52,39,1,23660.28,28854
5/18/10 12:00 AM,2010,2010 - Q2,1,57,1,1,91020,111000
5/18/10 12:00 AM,2010,2010 - Q2,1,57,3,1,9610.4,11720
5/18/10 12:00 AM,2010,2010 - Q2,2,55,5,1,149240,182000
5/18/10 12:00 AM,2010,2010 - Q2,2,57,5,1,382940,467000
5/18/10 12:00 AM,2010,2010 - Q2,3,57,9,1,40369,51100
5/18/10 12:00 AM,2010,2010 - Q2,8,57,37,1,307008,374400
5/18/10 12:00 AM,2010,2010 - Q2,8,61,36,1,292576,356800
5/19/10 12:00 AM,2010,2010 - Q2,1,65,3,1,6502.6,7930
5/19/10 12:00 AM,2010,2010 - Q2,2,61,8,1,29306.8,35740
5/19/10 12:00 AM,2010,2010 - Q2,2,65,6,2,275110,335500
5/19/10 12:00 AM,2010,2010 - Q2,3,61,10,1,17380,22000
5/19/10 12:00 AM,2010,2010 - Q2,3,61,12,1,7742,9800
5/19/10 12:00 AM,2010,2010 - Q2,3,65,10,1,20540,26000
5/19/10 12:00 AM,2010,2010 - Q2,3,65,9,1,30184,39200
5/20/10 12:00 AM,2010,2010 - Q2,1,68,1,1,23370,28500
5/20/10 12:00 AM,2010,2010 - Q2,2,70,6,1,43870,53500
5/20/10 12:00 AM,2010,2010 - Q2,3,68,12,1,2844,3600
5/20/10 12:00 AM,2010,2010 - Q2,3,69,10,1,5135,6500
5/20/10 12:00 AM,2010,2010 - Q2,3,69,12,1,2054,2600
5/20/10 12:00 AM,2010,2010 - Q2,3,72,10,1,11060,14000
5/20/10 12:00 AM,2010,2010 - Q2,8,72,35,1,459200,560000
5/21/10 12:00 AM,2010,2010 - Q2,1,74,2,1,44280,54000
5/21/10 12:00 AM,2010,2010 - Q2,1,75,2,1,36736,44800
5/21/10 12:00 AM,2010,2010 - Q2,2,74,7,1,2952,3600
5/21/10 12:00 AM,2010,2010 - Q2,2,75,6,1,54940,67000
5/21/10 12:00 AM,2010,2010 - Q2,2,75,8,1,7363.6,8980
5/21/10 12:00 AM,2010,2010 - Q2,3,72,12,1,4424,5600
5/21/10 12:00 AM,2010,2010 - Q2,3,74,9,1,9401,11900
5/21/10 12:00 AM,2010,2010 - Q2,3,117,12,1,16200,20000
5/24/10 12:00 AM,2010,2010 - Q2,1,78,3,1,2410.8,2940
5/24/10 12:00 AM,2010,2010 - Q2,1,79,1,1,26240,32000
5/24/10 12:00 AM,2010,2010 - Q2,1,80,1,1,21648,26400
5/24/10 12:00 AM,2010,2010 - Q2,1,80,2,1,43296,52800
5/24/10 12:00 AM,2010,2010 - Q2,2,78,8,1,6232,7600
5/24/10 12:00 AM,2010,2010 - Q2,8,77,37,1,107059.2,130560
5/24/10 12:00 AM,2010,2010 - Q2,8,78,37,1,77145.6,94080
5/25/10 12:00 AM,2010,2010 - Q2,1,80,3,1,2164.8,2640
5/25/10 12:00 AM,2010,2010 - Q2,2,86,8,1,12792,15600
5/25/10 12:00 AM,2010,2010 - Q2,2,90,5,1,255840,312000
5/25/10 12:00 AM,2010,2010 - Q2,2,90,7,1,8552.6,10430
5/25/10 12:00 AM,2010,2010 - Q2,3,85,12,1,2212,2800
5/25/10 12:00 AM,2010,2010 - Q2,3,86,10,1,15015,19500
5/25/10 12:00 AM,2010,2010 - Q2,8,86,39,1,26863.2,32760
5/26/10 12:00 AM,2010,2010 - Q2,1,90,1,1,57646,70300
5/26/10 12:00 AM,2010,2010 - Q2,1,92,3,1,6412.4,7820
5/26/10 12:00 AM,2010,2010 - Q2,1,93,3,1,3517.8,4290
5/26/10 12:00 AM,2010,2010 - Q2,2,95,7,1,9881,12050
5/26/10 12:00 AM,2010,2010 - Q2,8,91,35,1,783920,956000
5/26/10 12:00 AM,2010,2010 - Q2,8,93,36,1,182368,222400
5/26/10 12:00 AM,2010,2010 - Q2,8,95,35,1,1046320,1276000
5/27/10 12:00 AM,2010,2010 - Q2,1,96,2,1,68880,84000
5/27/10 12:00 AM,2010,2010 - Q2,1,101,1,1,39770,48500
5/27/10 12:00 AM,2010,2010 - Q2,2,96,6,1,68470,83500
5/27/10 12:00 AM,2010,2010 - Q2,2,97,8,1,6363.2,7760
5/27/10 12:00 AM,2010,2010 - Q2,2,102,8,1,5592.4,6820
5/27/10 12:00 AM,2010,2010 - Q2,3,100,10,1,13035,16500
5/27/10 12:00 AM,2010,2010 - Q2,8,104,39,1,15463.56,18858
5/28/10 12:00 AM,2010,2010 - Q2,1,104,2,1,36736,44800
5/28/10 12:00 AM,2010,2010 - Q2,1,105,1,1,32226,39300
5/28/10 12:00 AM,2010,2010 - Q2,2,104,6,1,54940,67000
5/28/10 12:00 AM,2010,2010 - Q2,2,104,7,1,3681.8,4490
5/28/10 12:00 AM,2010,2010 - Q2,2,106,6,1,77900,95000
5/28/10 12:00 AM,2010,2010 - Q2,3,105,10,1,9875,12500
5/28/10 12:00 AM,2010,2010 - Q2,8,105,35,1,429680,524000
5/28/10 12:00 AM,2010,2010 - Q2,8,119,35,1,839680,1024000
5/31/10 12:00 AM,2010,2010 - Q2,1,106,1,1,26076,31800
5/31/10 12:00 AM,2010,2010 - Q2,1,108,1,1,36572,44600
5/31/10 12:00 AM,2010,2010 - Q2,2,108,6,2,140630,171500
5/31/10 12:00 AM,2010,2010 - Q2,3,106,11,1,358.05,465
5/31/10 12:00 AM,2010,2010 - Q2,3,108,12,1,4158,5400
5/31/10 12:00 AM,2010,2010 - Q2,8,109,36,1,119392,145600
5/31/10 12:00 AM,2010,2010 - Q2,8,109,39,1,12536.16,15288
6/1/10 12:00 AM,2010,2010 - Q2,1,109,2,1,46248,56400
6/1/10 12:00 AM,2010,2010 - Q2,1,111,1,1,15826,19300
6/1/10 12:00 AM,2010,2010 - Q2,2,109,5,2,180400,220000
6/1/10 12:00 AM,2010,2010 - Q2,2,109,7,1,3083.2,3760
6/1/10 12:00 AM,2010,2010 - Q2,2,110,6,1,43050,52500
6/1/10 12:00 AM,2010,2010 - Q2,2,110,7,1,2894.6,3530
6/1/10 12:00 AM,2010,2010 - Q2,2,111,7,1,3173.4,3870
6/2/10 12:00 AM,2010,2010 - Q2,1,114,3,1,4821.6,5880
6/2/10 12:00 AM,2010,2010 - Q2,1,117,3,1,4952.8,6040
6/2/10 12:00 AM,2010,2010 - Q2,2,119,5,1,231240,282000
6/2/10 12:00 AM,2010,2010 - Q2,3,114,10,1,14630,19000
6/2/10 12:00 AM,2010,2010 - Q2,3,114,11,1,438.9,570
6/2/10 12:00 AM,2010,2010 - Q2,8,117,39,1,24900.12,30366
6/2/10 12:00 AM,2010,2010 - Q2,8,119,36,1,328656,400800
6/3/10 12:00 AM,2010,2010 - Q2,1,3,1,1,46576,56800
6/3/10 12:00 AM,2010,2010 - Q2,2,4,7,1,10963.4,13370
6/3/10 12:00 AM,2010,2010 - Q2,3,3,10,1,43740,54000
6/3/10 12:00 AM,2010,2010 - Q2,3,3,9,1,61236,75600
6/3/10 12:00 AM,2010,2010 - Q2,3,4,10,1,67230,83000
6/3/10 12:00 AM,2010,2010 - Q2,8,4,37,1,272371.2,332160
6/3/10 12:00 AM,2010,2010 - Q2,8,4,39,1,47699.4,58170
6/4/10 12:00 AM,2010,2010 - Q2,1,9,3,1,1648.2,2010
6/4/10 12:00 AM,2010,2010 - Q2,2,6,7,1,2410.8,2940
6/4/10 12:00 AM,2010,2010 - Q2,2,10,8,1,7166.8,8740
6/4/10 12:00 AM,2010,2010 - Q2,2,12,6,1,93070,113500
6/4/10 12:00 AM,2010,2010 - Q2,3,5,10,1,30810,39000
6/4/10 12:00 AM,2010,2010 - Q2,3,12,12,1,15066,18600
6/4/10 12:00 AM,2010,2010 - Q2,8,12,39,2,53313.12,65016
6/7/10 12:00 AM,2010,2010 - Q2,1,12,1,1,41820,51000
6/7/10 12:00 AM,2010,2010 - Q2,1,12,3,1,4034.4,4920
6/7/10 12:00 AM,2010,2010 - Q2,2,13,5,1,185320,226000
6/7/10 12:00 AM,2010,2010 - Q2,3,13,10,1,14220,18000
6/7/10 12:00 AM,2010,2010 - Q2,3,13,12,2,21564,26800
6/7/10 12:00 AM,2010,2010 - Q2,3,13,11,1,1190.7,1470
6/7/10 12:00 AM,2010,2010 - Q2,8,13,35,1,623200,760000
6/8/10 12:00 AM,2010,2010 - Q2,1,14,1,1,18614,22700
6/8/10 12:00 AM,2010,2010 - Q2,1,15,3,1,3419.4,4170
6/8/10 12:00 AM,2010,2010 - Q2,2,14,5,1,85280,104000
6/8/10 12:00 AM,2010,2010 - Q2,2,15,5,1,157440,192000
6/8/10 12:00 AM,2010,2010 - Q2,3,15,10,1,30780,38000
6/8/10 12:00 AM,2010,2010 - Q2,8,14,39,1,11330.76,13818
6/8/10 12:00 AM,2010,2010 - Q2,8,18,35,1,510040,622000
6/9/10 12:00 AM,2010,2010 - Q2,1,22,2,1,84624,103200
6/9/10 12:00 AM,2010,2010 - Q2,2,23,5,1,141860,173000
6/9/10 12:00 AM,2010,2010 - Q2,8,19,35,1,459200,560000
6/9/10 12:00 AM,2010,2010 - Q2,8,19,37,1,110208,134400
6/9/10 12:00 AM,2010,2010 - Q2,8,23,35,1,244360,298000
6/9/10 12:00 AM,2010,2010 - Q2,8,23,37,2,115718.4,141120
6/9/10 12:00 AM,2010,2010 - Q2,8,23,36,1,95120,116000
6/10/10 12:00 AM,2010,2010 - Q2,2,26,7,1,6199.2,7560
6/10/10 12:00 AM,2010,2010 - Q2,2,31,6,1,363670,443500
6/10/10 12:00 AM,2010,2010 - Q2,3,24,9,1,35154,43400
6/10/10 12:00 AM,2010,2010 - Q2,3,27,11,1,651.75,825
6/10/10 12:00 AM,2010,2010 - Q2,3,36,12,1,2528,3200
6/10/10 12:00 AM,2010,2010 - Q2,3,36,11,1,189.6,240
6/10/10 12:00 AM,2010,2010 - Q2,8,31,36,1,485440,592000
6/11/10 12:00 AM,2010,2010 - Q2,1,37,2,1,38048,46400
6/11/10 12:00 AM,2010,2010 - Q2,1,37,3,1,1902.4,2320
6/11/10 12:00 AM,2010,2010 - Q2,1,40,1,1,32062,39100
6/11/10 12:00 AM,2010,2010 - Q2,2,39,5,1,94300,115000
6/11/10 12:00 AM,2010,2010 - Q2,2,40,6,1,63550,77500
6/11/10 12:00 AM,2010,2010 - Q2,3,36,9,1,8848,11200
6/11/10 12:00 AM,2010,2010 - Q2,3,37,9,1,23247,28700
6/14/10 12:00 AM,2010,2010 - Q2,1,40,2,1,64124,78200
6/14/10 12:00 AM,2010,2010 - Q2,1,40,3,2,5887.6,7180
6/14/10 12:00 AM,2010,2010 - Q2,2,42,5,1,80360,98000
6/14/10 12:00 AM,2010,2010 - Q2,2,45,8,1,4821.6,5880
6/14/10 12:00 AM,2010,2010 - Q2,3,42,12,1,2370,3000
6/14/10 12:00 AM,2010,2010 - Q2,3,42,11,1,177.75,225
6/14/10 12:00 AM,2010,2010 - Q2,8,41,39,1,14568.12,17766
6/15/10 12:00 AM,2010,2010 - Q2,1,50,2,1,84624,103200
6/15/10 12:00 AM,2010,2010 - Q2,2,57,7,1,13087.2,15960
6/15/10 12:00 AM,2010,2010 - Q2,2,61,5,1,464940,567000
6/15/10 12:00 AM,2010,2010 - Q2,3,45,12,1,6156,7600
6/15/10 12:00 AM,2010,2010 - Q2,3,52,12,1,648,800
6/15/10 12:00 AM,2010,2010 - Q2,8,50,35,1,639600,780000
6/15/10 12:00 AM,2010,2010 - Q2,8,55,35,2,1067640,1302000
6/16/10 12:00 AM,2010,2010 - Q2,1,61,2,1,100860,123000
6/16/10 12:00 AM,2010,2010 - Q2,1,71,2,1,35096,42800
6/16/10 12:00 AM,2010,2010 - Q2,1,72,1,1,31078,37900
6/16/10 12:00 AM,2010,2010 - Q2,2,65,7,1,9594,11700
6/16/10 12:00 AM,2010,2010 - Q2,2,70,5,1,30340,37000
6/16/10 12:00 AM,2010,2010 - Q2,3,71,9,1,22680,28000
6/16/10 12:00 AM,2010,2010 - Q2,8,68,35,1,328000,400000
6/17/10 12:00 AM,2010,2010 - Q2,1,72,2,1,60024,73200
6/17/10 12:00 AM,2010,2010 - Q2,2,74,6,1,47970,58500
6/17/10 12:00 AM,2010,2010 - Q2,2,75,8,1,7839.2,9560
6/17/10 12:00 AM,2010,2010 - Q2,3,75,11,1,272.55,345
6/17/10 12:00 AM,2010,2010 - Q2,3,76,10,1,5925,7500
6/17/10 12:00 AM,2010,2010 - Q2,8,74,37,1,77539.2,94560
6/17/10 12:00 AM,2010,2010 - Q2,8,75,39,1,17392.2,21210
6/18/10 12:00 AM,2010,2010 - Q2,1,76,1,1,19762,24100
6/18/10 12:00 AM,2010,2010 - Q2,1,78,3,1,2066.4,2520
6/18/10 12:00 AM,2010,2010 - Q2,3,76,9,1,8295,10500
6/18/10 12:00 AM,2010,2010 - Q2,3,77,11,1,789.75,975
6/18/10 12:00 AM,2010,2010 - Q2,8,78,36,1,123984,151200
6/18/10 12:00 AM,2010,2010 - Q2,8,78,39,1,13431.6,16380
6/18/10 12:00 AM,2010,2010 - Q2,8,80,35,1,290280,354000
6/21/10 12:00 AM,2010,2010 - Q2,2,80,8,1,5805.6,7080
6/21/10 12:00 AM,2010,2010 - Q2,2,86,5,2,197620,241000
6/21/10 12:00 AM,2010,2010 - Q2,3,85,12,1,2370,3000
6/21/10 12:00 AM,2010,2010 - Q2,3,86,10,1,15800,20000
6/21/10 12:00 AM,2010,2010 - Q2,8,80,39,1,12191.76,14868
6/21/10 12:00 AM,2010,2010 - Q2,8,85,39,1,10641.96,12978
6/21/10 12:00 AM,2010,2010 - Q2,8,86,35,1,659280,804000
6/22/10 12:00 AM,2010,2010 - Q2,1,86,1,1,46494,56700
6/22/10 12:00 AM,2010,2010 - Q2,1,88,3,1,3230.8,3940
6/22/10 12:00 AM,2010,2010 - Q2,1,90,2,1,97416,118800
6/22/10 12:00 AM,2010,2010 - Q2,3,88,10,1,30375,37500
6/22/10 12:00 AM,2010,2010 - Q2,8,87,35,1,552680,674000
6/22/10 12:00 AM,2010,2010 - Q2,8,87,39,1,22351.56,27258
6/22/10 12:00 AM,2010,2010 - Q2,8,88,35,1,496920,606000
6/23/10 12:00 AM,2010,2010 - Q2,1,90,3,1,4600.2,5610
6/23/10 12:00 AM,2010,2010 - Q2,1,91,1,1,50840,62000
6/23/10 12:00 AM,2010,2010 - Q2,2,92,6,1,229190,279500
6/23/10 12:00 AM,2010,2010 - Q2,2,95,7,1,9331.6,11380
6/23/10 12:00 AM,2010,2010 - Q2,3,92,9,1,25438,32200
6/23/10 12:00 AM,2010,2010 - Q2,3,95,11,1,1713.15,2115
6/23/10 12:00 AM,2010,2010 - Q2,8,91,35,1,782280,954000
6/24/10 12:00 AM,2010,2010 - Q2,1,97,1,1,19024,23200
6/24/10 12:00 AM,2010,2010 - Q2,1,97,3,1,2263.2,2760
6/24/10 12:00 AM,2010,2010 - Q2,3,95,9,1,77112,95200
6/24/10 12:00 AM,2010,2010 - Q2,3,97,12,1,2686,3400
6/24/10 12:00 AM,2010,2010 - Q2,3,97,9,1,9401,11900
6/24/10 12:00 AM,2010,2010 - Q2,8,97,37,1,72422.4,88320
6/24/10 12:00 AM,2010,2010 - Q2,8,97,36,1,120704,147200
6/25/10 12:00 AM,2010,2010 - Q2,2,101,6,1,86100,105000
6/25/10 12:00 AM,2010,2010 - Q2,3,100,12,1,5372,6800
6/25/10 12:00 AM,2010,2010 - Q2,3,101,10,1,34830,43000
6/25/10 12:00 AM,2010,2010 - Q2,8,98,39,1,16841.16,20538
6/25/10 12:00 AM,2010,2010 - Q2,8,101,37,1,131856,160800
6/25/10 12:00 AM,2010,2010 - Q2,8,102,35,1,255840,312000
6/25/10 12:00 AM,2010,2010 - Q2,8,102,37,1,70454.4,85920
6/28/10 12:00 AM,2010,2010 - Q2,1,102,1,1,19024,23200
6/28/10 12:00 AM,2010,2010 - Q2,2,104,7,1,4141,5050
6/28/10 12:00 AM,2010,2010 - Q2,3,102,12,1,6642,8200
6/28/10 12:00 AM,2010,2010 - Q2,3,105,10,1,10270,13000
6/28/10 12:00 AM,2010,2010 - Q2,8,102,36,2,211888,258400
6/28/10 12:00 AM,2010,2010 - Q2,8,104,36,1,165312,201600
6/28/10 12:00 AM,2010,2010 - Q2,8,104,39,1,17392.2,21210
6/29/10 12:00 AM,2010,2010 - Q2,1,108,3,1,3468.6,4230
6/29/10 12:00 AM,2010,2010 - Q2,2,108,6,1,77080,94000
6/29/10 12:00 AM,2010,2010 - Q2,2,110,7,1,2935.6,3580
6/29/10 12:00 AM,2010,2010 - Q2,3,105,11,1,862.65,1065
6/29/10 12:00 AM,2010,2010 - Q2,8,106,39,1,22317.12,27216
6/29/10 12:00 AM,2010,2010 - Q2,8,108,37,1,123590.4,150720
6/29/10 12:00 AM,2010,2010 - Q2,8,109,39,1,13707.12,16716
6/30/10 12:00 AM,2010,2010 - Q2,1,110,2,1,38048,46400
6/30/10 12:00 AM,2010,2010 - Q2,2,111,5,1,98400,120000
6/30/10 12:00 AM,2010,2010 - Q2,3,110,11,1,12.15,15
6/30/10 12:00 AM,2010,2010 - Q2,3,111,12,1,324,400
6/30/10 12:00 AM,2010,2010 - Q2,3,112,11,1,24.3,30
6/30/10 12:00 AM,2010,2010 - Q2,3,114,10,1,38880,48000
6/30/10 12:00 AM,2010,2010 - Q2,8,111,37,1,78720,96000
7/1/10 12:00 AM,2010,2010 - Q3,2,5,7,1,13054.4,15920
7/1/10 12:00 AM,2010,2010 - Q3,2,23,5,1,137760,168000
7/1/10 12:00 AM,2010,2010 - Q3,3,1,10,1,38475,47500
7/1/10 12:00 AM,2010,2010 - Q3,3,6,9,1,20979,25900
7/1/10 12:00 AM,2010,2010 - Q3,8,10,35,1,370640,452000
7/1/10 12:00 AM,2010,2010 - Q3,8,19,35,1,488720,596000
7/2/10 12:00 AM,2010,2010 - Q3,1,24,1,1,28782,35100
7/2/10 12:00 AM,2010,2010 - Q3,1,34,3,1,3345.6,4080
7/2/10 12:00 AM,2010,2010 - Q3,1,49,1,1,22386,27300
7/2/10 12:00 AM,2010,2010 - Q3,2,36,6,1,44690,54500
7/2/10 12:00 AM,2010,2010 - Q3,8,24,36,1,177120,216000
7/2/10 12:00 AM,2010,2010 - Q3,8,38,35,1,280440,342000
7/2/10 12:00 AM,2010,2010 - Q3,8,38,39,1,11778.48,14364
7/5/10 12:00 AM,2010,2010 - Q3,1,54,1,1,15252,18600
7/5/10 12:00 AM,2010,2010 - Q3,1,92,1,1,52562,64100
7/5/10 12:00 AM,2010,2010 - Q3,2,90,6,1,115210,140500
7/5/10 12:00 AM,2010,2010 - Q3,2,90,8,1,15432.4,18820
7/5/10 12:00 AM,2010,2010 - Q3,2,97,8,1,6068,7400
7/5/10 12:00 AM,2010,2010 - Q3,2,100,5,1,186140,227000
7/5/10 12:00 AM,2010,2010 - Q3,3,97,12,1,7290,9000
7/5/10 12:00 AM,2010,2010 - Q3,8,97,39,1,12742.8,15540
7/6/10 12:00 AM,2010,2010 - Q3,1,5,2,1,161514,199400
7/6/10 12:00 AM,2010,2010 - Q3,2,1,7,1,12036.6,14860
7/6/10 12:00 AM,2010,2010 - Q3,3,106,11,1,996.3,1230
7/6/10 12:00 AM,2010,2010 - Q3,3,108,11,1,1008.45,1245
7/6/10 12:00 AM,2010,2010 - Q3,8,108,39,1,23281.44,28392
7/6/10 12:00 AM,2010,2010 - Q3,8,3,39,1,33781.86,41706
7/6/10 12:00 AM,2010,2010 - Q3,8,5,37,1,298209.6,368160
7/6/10 12:00 AM,2010,2010 - Q3,8,5,36,1,497016,613600
7/7/10 12:00 AM,2010,2010 - Q3,1,5,3,1,8505,10500
7/7/10 12:00 AM,2010,2010 - Q3,1,9,2,1,36408,44400
7/7/10 12:00 AM,2010,2010 - Q3,2,10,6,1,58630,71500
7/7/10 12:00 AM,2010,2010 - Q3,2,10,7,1,3739.2,4560
7/7/10 12:00 AM,2010,2010 - Q3,3,6,10,1,60480,72000
7/7/10 12:00 AM,2010,2010 - Q3,3,10,10,1,85680,102000
7/7/10 12:00 AM,2010,2010 - Q3,8,6,35,1,264040,322000
7/7/10 12:00 AM,2010,2010 - Q3,8,10,37,1,94464,115200
7/8/10 12:00 AM,2010,2010 - Q3,1,10,3,1,2427.2,2960
7/8/10 12:00 AM,2010,2010 - Q3,1,13,2,1,85936,104800
7/8/10 12:00 AM,2010,2010 - Q3,1,13,3,1,4296.8,5240
7/8/10 12:00 AM,2010,2010 - Q3,2,12,6,1,99220,121000
7/8/10 12:00 AM,2010,2010 - Q3,3,10,9,1,126420,150500
7/8/10 12:00 AM,2010,2010 - Q3,3,12,12,1,60816,72400
7/8/10 12:00 AM,2010,2010 - Q3,3,13,9,1,212856,253400
7/8/10 12:00 AM,2010,2010 - Q3,3,14,11,1,2091.6,2490
7/9/10 12:00 AM,2010,2010 - Q3,2,15,7,1,4436.2,5410
7/9/10 12:00 AM,2010,2010 - Q3,2,19,7,1,5166,6300
7/9/10 12:00 AM,2010,2010 - Q3,3,17,12,1,48332,56200
7/9/10 12:00 AM,2010,2010 - Q3,3,17,9,1,169162,196700
7/9/10 12:00 AM,2010,2010 - Q3,3,18,11,1,801.9,990
7/9/10 12:00 AM,2010,2010 - Q3,8,17,35,1,255840,312000
7/9/10 12:00 AM,2010,2010 - Q3,8,17,36,1,96432,117600
7/9/10 12:00 AM,2010,2010 - Q3,8,17,39,1,10125.36,12348
7/12/10 12:00 AM,2010,2010 - Q3,1,26,3,2,8175.4,9970
7/12/10 12:00 AM,2010,2010 - Q3,3,19,11,1,176.4,210
7/12/10 12:00 AM,2010,2010 - Q3,3,22,10,1,7560,9000
7/12/10 12:00 AM,2010,2010 - Q3,3,22,9,1,2268,2800
7/12/10 12:00 AM,2010,2010 - Q3,8,26,37,1,144451.2,176160
7/12/10 12:00 AM,2010,2010 - Q3,8,26,39,1,25278.96,30828
7/12/10 12:00 AM,2010,2010 - Q3,8,27,36,1,433616,528800
7/12/10 12:00 AM,2010,2010 - Q3,8,27,39,1,47079.48,57414
7/13/10 12:00 AM,2010,2010 - Q3,1,27,3,2,14325.4,17470
7/13/10 12:00 AM,2010,2010 - Q3,1,31,3,1,8205.3,10130
7/13/10 12:00 AM,2010,2010 - Q3,1,34,3,1,3523.5,4350
7/13/10 12:00 AM,2010,2010 - Q3,2,27,5,1,324720,396000
7/13/10 12:00 AM,2010,2010 - Q3,2,34,7,1,5427,6700
7/13/10 12:00 AM,2010,2010 - Q3,2,36,5,1,95120,116000
7/13/10 12:00 AM,2010,2010 - Q3,3,31,9,1,406700,490000
7/13/10 12:00 AM,2010,2010 - Q3,8,34,36,1,217080,268000
7/14/10 12:00 AM,2010,2010 - Q3,1,36,2,1,36900,45000
7/14/10 12:00 AM,2010,2010 - Q3,1,37,2,1,37228,45400
7/14/10 12:00 AM,2010,2010 - Q3,2,37,8,1,5740,7000
7/14/10 12:00 AM,2010,2010 - Q3,3,36,9,1,91140,108500
7/14/10 12:00 AM,2010,2010 - Q3,3,37,11,1,2091.6,2490
7/14/10 12:00 AM,2010,2010 - Q3,3,37,9,1,97608,116200
7/14/10 12:00 AM,2010,2010 - Q3,3,38,11,1,2041.2,2430
7/14/10 12:00 AM,2010,2010 - Q3,8,38,37,1,71241.6,86880
7/15/10 12:00 AM,2010,2010 - Q3,1,39,1,1,10004,12200
7/15/10 12:00 AM,2010,2010 - Q3,1,39,3,1,2009,2450
7/15/10 12:00 AM,2010,2010 - Q3,2,39,5,1,80360,98000
7/15/10 12:00 AM,2010,2010 - Q3,2,39,8,1,6199.2,7560
7/15/10 12:00 AM,2010,2010 - Q3,2,40,5,1,133660,163000
7/15/10 12:00 AM,2010,2010 - Q3,3,40,12,1,43344,51600
7/15/10 12:00 AM,2010,2010 - Q3,8,39,36,1,106928,130400
7/15/10 12:00 AM,2010,2010 - Q3,8,40,37,2,220416,268800
7/16/10 12:00 AM,2010,2010 - Q3,1,41,3,2,4936.4,6020
7/16/10 12:00 AM,2010,2010 - Q3,3,41,9,1,125244,149100
7/16/10 12:00 AM,2010,2010 - Q3,3,42,12,1,25536,30400
7/16/10 12:00 AM,2010,2010 - Q3,3,48,10,1,55440,66000
7/16/10 12:00 AM,2010,2010 - Q3,3,49,10,1,3780,4500
7/16/10 12:00 AM,2010,2010 - Q3,8,41,35,1,370640,452000
7/16/10 12:00 AM,2010,2010 - Q3,8,41,36,1,156128,190400
7/16/10 12:00 AM,2010,2010 - Q3,8,42,36,1,110864,135200
7/19/10 12:00 AM,2010,2010 - Q3,2,50,7,1,6527.2,7960
7/19/10 12:00 AM,2010,2010 - Q3,2,52,6,1,93890,114500
7/19/10 12:00 AM,2010,2010 - Q3,2,54,5,1,73800,90000
7/19/10 12:00 AM,2010,2010 - Q3,2,54,8,1,4821.6,5880
7/19/10 12:00 AM,2010,2010 - Q3,3,49,11,1,113.4,135
7/19/10 12:00 AM,2010,2010 - Q3,3,49,9,1,5880,7000
7/19/10 12:00 AM,2010,2010 - Q3,3,52,11,1,214.2,255
7/19/10 12:00 AM,2010,2010 - Q3,8,54,39,1,10125.36,12348
7/20/10 12:00 AM,2010,2010 - Q3,2,56,5,1,211560,258000
7/20/10 12:00 AM,2010,2010 - Q3,2,56,6,1,105780,129000
7/20/10 12:00 AM,2010,2010 - Q3,2,56,8,1,14563.2,17760
7/20/10 12:00 AM,2010,2010 - Q3,3,54,12,1,22176,26400
7/20/10 12:00 AM,2010,2010 - Q3,3,55,12,1,54600,65000
7/20/10 12:00 AM,2010,2010 - Q3,3,55,11,2,5127.75,6150
7/20/10 12:00 AM,2010,2010 - Q3,8,55,36,1,238128,290400
7/20/10 12:00 AM,2010,2010 - Q3,8,56,36,1,282080,344000
7/21/10 12:00 AM,2010,2010 - Q3,1,60,2,1,69044,84200
7/21/10 12:00 AM,2010,2010 - Q3,1,61,3,1,5443.2,6720
7/21/10 12:00 AM,2010,2010 - Q3,2,57,8,1,24780.4,30220
7/21/10 12:00 AM,2010,2010 - Q3,2,61,6,1,240260,293000
7/21/10 12:00 AM,2010,2010 - Q3,3,57,9,1,106029,130900
7/21/10 12:00 AM,2010,2010 - Q3,3,58,9,1,166404,198100
7/21/10 12:00 AM,2010,2010 - Q3,8,57,37,1,297168,362400
7/21/10 12:00 AM,2010,2010 - Q3,8,61,36,2,655800,804800
7/22/10 12:00 AM,2010,2010 - Q3,2,62,5,1,280000,350000
7/22/10 12:00 AM,2010,2010 - Q3,2,65,8,1,19827.6,24180
7/22/10 12:00 AM,2010,2010 - Q3,2,66,8,1,4690.4,5720
7/22/10 12:00 AM,2010,2010 - Q3,3,66,10,1,55440,66000
7/22/10 12:00 AM,2010,2010 - Q3,8,62,39,1,19656,24570
7/22/10 12:00 AM,2010,2010 - Q3,8,65,39,1,41637.96,50778
7/22/10 12:00 AM,2010,2010 - Q3,8,66,35,1,241080,294000
7/22/10 12:00 AM,2010,2010 - Q3,8,66,36,1,93808,114400
7/23/10 12:00 AM,2010,2010 - Q3,1,66,1,1,0,0
7/23/10 12:00 AM,2010,2010 - Q3,1,66,3,1,1525.2,1860
7/23/10 12:00 AM,2010,2010 - Q3,2,68,8,1,7281.6,8880
7/23/10 12:00 AM,2010,2010 - Q3,2,68,7,1,3419.4,4170
7/23/10 12:00 AM,2010,2010 - Q3,3,67,11,1,189.6,240
7/23/10 12:00 AM,2010,2010 - Q3,3,67,9,1,89964,107100
7/23/10 12:00 AM,2010,2010 - Q3,8,67,39,1,11812.92,14406
7/23/10 12:00 AM,2010,2010 - Q3,8,70,35,1,280440,342000
7/26/10 12:00 AM,2010,2010 - Q3,1,70,2,1,36408,44400
7/26/10 12:00 AM,2010,2010 - Q3,1,70,3,1,1886,2300
7/26/10 12:00 AM,2010,2010 - Q3,1,71,3,1,1927,2350
7/26/10 12:00 AM,2010,2010 - Q3,2,70,6,1,43460,53000
7/26/10 12:00 AM,2010,2010 - Q3,2,71,7,1,2804.4,3420
7/26/10 12:00 AM,2010,2010 - Q3,8,71,35,1,280440,342000
7/26/10 12:00 AM,2010,2010 - Q3,8,71,39,1,12501.72,15246
7/26/10 12:00 AM,2010,2010 - Q3,8,72,36,1,209264,255200
7/27/10 12:00 AM,2010,2010 - Q3,1,73,1,1,0,0
7/27/10 12:00 AM,2010,2010 - Q3,1,73,3,1,1566.2,1910
7/27/10 12:00 AM,2010,2010 - Q3,1,74,3,1,2230.4,2720
7/27/10 12:00 AM,2010,2010 - Q3,3,72,12,1,11988,14800
7/27/10 12:00 AM,2010,2010 - Q3,3,72,11,1,3591,4275
7/27/10 12:00 AM,2010,2010 - Q3,3,74,10,1,78960,94000
7/27/10 12:00 AM,2010,2010 - Q3,8,73,35,1,241080,294000
7/27/10 12:00 AM,2010,2010 - Q3,8,76,36,1,114800,140000
7/28/10 12:00 AM,2010,2010 - Q3,1,79,1,1,0,0
7/28/10 12:00 AM,2010,2010 - Q3,2,77,5,1,143500,175000
7/28/10 12:00 AM,2010,2010 - Q3,2,78,5,1,100860,123000
7/28/10 12:00 AM,2010,2010 - Q3,2,78,6,1,52480,64000
7/28/10 12:00 AM,2010,2010 - Q3,3,77,11,1,3414.6,4065
7/28/10 12:00 AM,2010,2010 - Q3,3,80,12,1,1344,1600
7/28/10 12:00 AM,2010,2010 - Q3,8,77,36,1,198768,242400
7/28/10 12:00 AM,2010,2010 - Q3,8,79,37,1,92102.4,112320
7/29/10 12:00 AM,2010,2010 - Q3,1,85,3,1,1992.6,2430
7/29/10 12:00 AM,2010,2010 - Q3,2,85,5,1,88560,108000
7/29/10 12:00 AM,2010,2010 - Q3,2,86,8,1,11939.2,14560
7/29/10 12:00 AM,2010,2010 - Q3,3,80,11,1,100.8,120
7/29/10 12:00 AM,2010,2010 - Q3,3,85,11,1,2116.8,2520
7/29/10 12:00 AM,2010,2010 - Q3,8,85,37,1,71241.6,86880
7/29/10 12:00 AM,2010,2010 - Q3,8,85,36,1,118736,144800
7/29/10 12:00 AM,2010,2010 - Q3,8,86,39,1,25072.32,30576
7/30/10 12:00 AM,2010,2010 - Q3,2,86,7,1,5969.6,7280
7/30/10 12:00 AM,2010,2010 - Q3,2,91,8,1,31152.6,38460
7/30/10 12:00 AM,2010,2010 - Q3,2,92,8,1,34020,42000
7/30/10 12:00 AM,2010,2010 - Q3,3,87,10,1,139020,165500
7/30/10 12:00 AM,2010,2010 - Q3,3,87,11,1,4170.6,4965
7/30/10 12:00 AM,2010,2010 - Q3,8,87,35,1,603520,736000
7/30/10 12:00 AM,2010,2010 - Q3,8,90,36,1,320128,390400
7/30/10 12:00 AM,2010,2010 - Q3,8,91,39,1,33781.86,41706
8/2/10 12:00 AM,2010,2010 - Q3,1,95,2,1,116478,143800
8/2/10 12:00 AM,2010,2010 - Q3,2,96,7,1,5362.8,6540
8/2/10 12:00 AM,2010,2010 - Q3,3,92,11,1,5863.95,7065
8/2/10 12:00 AM,2010,2010 - Q3,3,93,10,1,106655,128500
8/2/10 12:00 AM,2010,2010 - Q3,3,93,11,1,3199.65,3855
8/2/10 12:00 AM,2010,2010 - Q3,3,95,10,1,206255,248500
8/2/10 12:00 AM,2010,2010 - Q3,3,95,12,1,82502,99400
8/2/10 12:00 AM,2010,2010 - Q3,8,93,39,1,19493.46,24066
8/3/10 12:00 AM,2010,2010 - Q3,1,98,3,1,3066.8,3740
8/3/10 12:00 AM,2010,2010 - Q3,1,102,3,1,2148.4,2620
8/3/10 12:00 AM,2010,2010 - Q3,2,97,8,1,6412.4,7820
8/3/10 12:00 AM,2010,2010 - Q3,2,101,6,1,91020,111000
8/3/10 12:00 AM,2010,2010 - Q3,2,102,6,1,52890,64500
8/3/10 12:00 AM,2010,2010 - Q3,3,101,12,1,55944,66600
8/3/10 12:00 AM,2010,2010 - Q3,8,98,35,1,455920,556000
8/3/10 12:00 AM,2010,2010 - Q3,8,104,37,1,94464,115200
8/4/10 12:00 AM,2010,2010 - Q3,1,104,3,1,2550.2,3110
8/4/10 12:00 AM,2010,2010 - Q3,1,105,2,1,61336,74800
8/4/10 12:00 AM,2010,2010 - Q3,1,108,2,1,75604,92200
8/4/10 12:00 AM,2010,2010 - Q3,2,109,6,1,50430,61500
8/4/10 12:00 AM,2010,2010 - Q3,3,109,10,1,3780,4500
8/4/10 12:00 AM,2010,2010 - Q3,8,104,39,1,15601.32,19026
8/4/10 12:00 AM,2010,2010 - Q3,8,108,39,2,47699.4,58170
8/4/10 12:00 AM,2010,2010 - Q3,8,109,39,1,15153.6,18480
8/5/10 12:00 AM,2010,2010 - Q3,1,109,1,1,0,0
8/5/10 12:00 AM,2010,2010 - Q3,1,111,3,1,2615.8,3190
8/5/10 12:00 AM,2010,2010 - Q3,3,109,11,1,113.4,135
8/5/10 12:00 AM,2010,2010 - Q3,3,110,10,1,3360,4000
8/5/10 12:00 AM,2010,2010 - Q3,3,111,10,1,4200,5000
8/5/10 12:00 AM,2010,2010 - Q3,3,111,11,1,126,150
8/5/10 12:00 AM,2010,2010 - Q3,3,111,9,1,5880,7000
8/5/10 12:00 AM,2010,2010 - Q3,8,111,36,1,161376,196800
8/6/10 12:00 AM,2010,2010 - Q3,2,112,8,1,9856.4,12020
8/6/10 12:00 AM,2010,2010 - Q3,2,115,5,1,74620,91000
8/6/10 12:00 AM,2010,2010 - Q3,2,115,6,2,72980,89000
8/6/10 12:00 AM,2010,2010 - Q3,3,114,10,1,39690,49000
8/6/10 12:00 AM,2010,2010 - Q3,8,112,39,1,20698.44,25242
8/6/10 12:00 AM,2010,2010 - Q3,8,115,39,1,10573.08,12894
8/6/10 12:00 AM,2010,2010 - Q3,8,117,37,1,177907.2,216960
8/6/10 12:00 AM,2010,2010 - Q3,8,117,36,1,274208,334400
8/9/10 12:00 AM,2010,2010 - Q3,1,117,1,1,0,0
8/9/10 12:00 AM,2010,2010 - Q3,1,119,3,1,5649.8,6890
8/9/10 12:00 AM,2010,2010 - Q3,2,5,6,1,192780,238000
8/9/10 12:00 AM,2010,2010 - Q3,3,1,9,1,418068,497700
8/9/10 12:00 AM,2010,2010 - Q3,8,1,35,1,632000,790000
8/9/10 12:00 AM,2010,2010 - Q3,8,1,36,1,252800,316000
8/9/10 12:00 AM,2010,2010 - Q3,8,4,36,1,0,0
8/9/10 12:00 AM,2010,2010 - Q3,8,7,37,2,116505.6,142080
8/10/10 12:00 AM,2010,2010 - Q3,2,10,7,1,4116.4,5020
8/10/10 12:00 AM,2010,2010 - Q3,2,12,6,1,100860,123000
8/10/10 12:00 AM,2010,2010 - Q3,3,7,9,1,162540,189000
8/10/10 12:00 AM,2010,2010 - Q3,8,9,35,1,300120,366000
8/10/10 12:00 AM,2010,2010 - Q3,8,9,37,1,72028.8,87840
8/10/10 12:00 AM,2010,2010 - Q3,8,10,37,1,95644.8,116640
8/10/10 12:00 AM,2010,2010 - Q3,8,10,36,1,159408,194400
8/10/10 12:00 AM,2010,2010 - Q3,8,14,36,1,129232,157600
8/11/10 12:00 AM,2010,2010 - Q3,1,14,2,1,25748,31400
8/11/10 12:00 AM,2010,2010 - Q3,1,15,3,1,1959.8,2390
8/11/10 12:00 AM,2010,2010 - Q3,2,14,8,1,6674.8,8140
8/11/10 12:00 AM,2010,2010 - Q3,2,17,8,1,5067.6,6180
8/11/10 12:00 AM,2010,2010 - Q3,3,14,12,1,62952,73200
8/11/10 12:00 AM,2010,2010 - Q3,3,15,11,1,6720.9,7815
8/11/10 12:00 AM,2010,2010 - Q3,8,15,37,1,114144,139200
8/11/10 12:00 AM,2010,2010 - Q3,8,18,39,1,17736.6,21630
8/12/10 12:00 AM,2010,2010 - Q3,1,22,2,1,53792,65600
8/12/10 12:00 AM,2010,2010 - Q3,1,24,2,1,39196,47800
8/12/10 12:00 AM,2010,2010 - Q3,2,18,7,1,3837.6,4680
8/12/10 12:00 AM,2010,2010 - Q3,2,19,7,1,5469.4,6670
8/12/10 12:00 AM,2010,2010 - Q3,2,27,8,1,23288,28400
8/12/10 12:00 AM,2010,2010 - Q3,3,18,12,1,79464,92400
8/12/10 12:00 AM,2010,2010 - Q3,3,22,10,1,15480,18000
8/12/10 12:00 AM,2010,2010 - Q3,3,22,12,1,6192,7200
8/13/10 12:00 AM,2010,2010 - Q3,1,37,1,1,13284,16200
8/13/10 12:00 AM,2010,2010 - Q3,2,31,5,1,790400,988000
8/13/10 12:00 AM,2010,2010 - Q3,2,36,7,1,3034,3700
8/13/10 12:00 AM,2010,2010 - Q3,2,37,6,1,49610,60500
8/13/10 12:00 AM,2010,2010 - Q3,3,31,11,1,18673.2,22230
8/13/10 12:00 AM,2010,2010 - Q3,3,37,12,1,62952,73200
8/13/10 12:00 AM,2010,2010 - Q3,3,37,9,1,213710,248500
8/13/10 12:00 AM,2010,2010 - Q3,8,38,39,1,13741.56,16758
8/16/10 12:00 AM,2010,2010 - Q3,1,39,3,1,1139.8,1390
8/16/10 12:00 AM,2010,2010 - Q3,1,40,1,1,19024,23200
8/16/10 12:00 AM,2010,2010 - Q3,1,40,3,1,1976.2,2410
8/16/10 12:00 AM,2010,2010 - Q3,2,38,8,1,6756.8,8240
8/16/10 12:00 AM,2010,2010 - Q3,2,41,7,1,3747.4,4570
8/16/10 12:00 AM,2010,2010 - Q3,8,39,37,1,71241.6,86880
8/16/10 12:00 AM,2010,2010 - Q3,8,40,36,1,191552,233600
8/16/10 12:00 AM,2010,2010 - Q3,8,41,35,1,360800,440000
8/17/10 12:00 AM,2010,2010 - Q3,1,48,3,1,1057.8,1290
8/17/10 12:00 AM,2010,2010 - Q3,1,50,2,1,85936,104800
8/17/10 12:00 AM,2010,2010 - Q3,2,42,7,1,3066.8,3740
8/17/10 12:00 AM,2010,2010 - Q3,2,48,5,2,155800,190000
8/17/10 12:00 AM,2010,2010 - Q3,2,50,5,1,201720,246000
8/17/10 12:00 AM,2010,2010 - Q3,3,41,12,1,67940,79000
8/17/10 12:00 AM,2010,2010 - Q3,3,45,10,1,65100,77500
8/17/10 12:00 AM,2010,2010 - Q3,8,49,37,1,97219.2,118560
8/18/10 12:00 AM,2010,2010 - Q3,1,61,2,2,143520,179400
8/18/10 12:00 AM,2010,2010 - Q3,2,55,7,1,6314,7700
8/18/10 12:00 AM,2010,2010 - Q3,2,57,5,1,430500,525000
8/18/10 12:00 AM,2010,2010 - Q3,2,61,7,1,18320,22900
8/18/10 12:00 AM,2010,2010 - Q3,3,56,12,1,149124,173400
8/18/10 12:00 AM,2010,2010 - Q3,8,52,36,1,141040,172000
8/18/10 12:00 AM,2010,2010 - Q3,8,57,36,1,574656,700800
8/18/10 12:00 AM,2010,2010 - Q3,8,62,36,1,192000,240000
8/19/10 12:00 AM,2010,2010 - Q3,1,64,2,1,39360,49200
8/19/10 12:00 AM,2010,2010 - Q3,1,64,3,1,1864,2330
8/19/10 12:00 AM,2010,2010 - Q3,1,65,1,1,43120,53900
8/19/10 12:00 AM,2010,2010 - Q3,3,64,9,1,309288,368200
8/19/10 12:00 AM,2010,2010 - Q3,3,65,9,1,740292,881300
8/19/10 12:00 AM,2010,2010 - Q3,8,64,35,1,467200,584000
8/19/10 12:00 AM,2010,2010 - Q3,8,65,36,1,432000,540000
8/19/10 12:00 AM,2010,2010 - Q3,8,65,39,1,47040,58800
8/20/10 12:00 AM,2010,2010 - Q3,2,67,6,1,47560,58000
8/20/10 12:00 AM,2010,2010 - Q3,2,67,7,1,2911,3550
8/20/10 12:00 AM,2010,2010 - Q3,2,71,6,1,43050,52500
8/20/10 12:00 AM,2010,2010 - Q3,3,68,9,1,264880,308000
8/20/10 12:00 AM,2010,2010 - Q3,8,67,37,1,76752,93600
8/20/10 12:00 AM,2010,2010 - Q3,8,67,39,2,25278.96,30828
8/20/10 12:00 AM,2010,2010 - Q3,8,68,35,1,401800,490000
8/20/10 12:00 AM,2010,2010 - Q3,8,70,35,1,309960,378000
8/23/10 12:00 AM,2010,2010 - Q3,2,71,8,1,5805.6,7080
8/23/10 12:00 AM,2010,2010 - Q3,2,72,6,1,81180,99000
8/23/10 12:00 AM,2010,2010 - Q3,2,75,7,2,9052.8,11040
8/23/10 12:00 AM,2010,2010 - Q3,2,77,8,1,9987.6,12180
8/23/10 12:00 AM,2010,2010 - Q3,3,72,10,1,124320,148000
8/23/10 12:00 AM,2010,2010 - Q3,3,74,10,1,179740,209000
8/23/10 12:00 AM,2010,2010 - Q3,3,77,10,1,118440,141000
8/23/10 12:00 AM,2010,2010 - Q3,8,75,39,1,19183.08,23394
8/24/10 12:00 AM,2010,2010 - Q3,1,77,2,2,106600,130000
8/24/10 12:00 AM,2010,2010 - Q3,2,78,7,1,3747.4,4570
8/24/10 12:00 AM,2010,2010 - Q3,3,77,9,1,329294,382900
8/24/10 12:00 AM,2010,2010 - Q3,3,79,10,1,3780,4500
8/24/10 12:00 AM,2010,2010 - Q3,3,79,9,1,5292,6300
8/24/10 12:00 AM,2010,2010 - Q3,8,78,39,1,15739.08,19194
8/24/10 12:00 AM,2010,2010 - Q3,8,79,35,2,692080,844000
8/24/10 12:00 AM,2010,2010 - Q3,8,79,36,1,143008,174400
8/25/10 12:00 AM,2010,2010 - Q3,2,83,7,1,5067.6,6180
8/25/10 12:00 AM,2010,2010 - Q3,3,80,11,1,219.3,255
8/25/10 12:00 AM,2010,2010 - Q3,8,80,36,1,127920,156000
8/25/10 12:00 AM,2010,2010 - Q3,8,83,37,1,59040,72000
8/25/10 12:00 AM,2010,2010 - Q3,8,83,36,1,101024,123200
8/25/10 12:00 AM,2010,2010 - Q3,8,83,39,1,10641.96,12978
8/25/10 12:00 AM,2010,2010 - Q3,8,85,36,1,106272,129600
8/25/10 12:00 AM,2010,2010 - Q3,8,85,39,1,11193,13650
8/26/10 12:00 AM,2010,2010 - Q3,1,85,3,1,1057.8,1290
8/26/10 12:00 AM,2010,2010 - Q3,1,86,1,1,26732,32600
8/26/10 12:00 AM,2010,2010 - Q3,1,87,2,1,49200,60000
8/26/10 12:00 AM,2010,2010 - Q3,2,87,6,1,92250,112500
8/26/10 12:00 AM,2010,2010 - Q3,3,87,12,1,116444,135400
8/26/10 12:00 AM,2010,2010 - Q3,3,87,9,1,201684,240100
8/26/10 12:00 AM,2010,2010 - Q3,8,86,37,1,160588.8,195840
8/26/10 12:00 AM,2010,2010 - Q3,8,88,36,1,219760,268000
8/27/10 12:00 AM,2010,2010 - Q3,1,90,3,1,3575.2,4360
8/27/10 12:00 AM,2010,2010 - Q3,2,91,5,1,505600,632000
8/27/10 12:00 AM,2010,2010 - Q3,3,88,11,1,7765.8,9030
8/27/10 12:00 AM,2010,2010 - Q3,8,90,35,1,864280,1054000
8/27/10 12:00 AM,2010,2010 - Q3,8,91,37,1,202368,252960
8/27/10 12:00 AM,2010,2010 - Q3,8,92,35,1,936000,1170000
8/27/10 12:00 AM,2010,2010 - Q3,8,92,39,1,39312,49140
8/27/10 12:00 AM,2010,2010 - Q3,8,95,35,1,896000,1120000
8/30/10 12:00 AM,2010,2010 - Q3,2,96,8,1,9594,11700
8/30/10 12:00 AM,2010,2010 - Q3,2,98,5,1,156620,191000
8/30/10 12:00 AM,2010,2010 - Q3,3,96,12,1,87032,101200
8/30/10 12:00 AM,2010,2010 - Q3,3,97,12,1,30408,36200
8/30/10 12:00 AM,2010,2010 - Q3,3,98,10,1,238650,277500
8/30/10 12:00 AM,2010,2010 - Q3,8,95,36,1,0,0
8/30/10 12:00 AM,2010,2010 - Q3,8,98,39,1,21283.92,25956
8/30/10 12:00 AM,2010,2010 - Q3,8,100,35,1,657640,802000
8/31/10 12:00 AM,2010,2010 - Q3,1,100,1,1,26158,31900
8/31/10 12:00 AM,2010,2010 - Q3,1,101,2,1,53136,64800
8/31/10 12:00 AM,2010,2010 - Q3,2,101,7,1,6322.2,7710
8/31/10 12:00 AM,2010,2010 - Q3,3,101,10,1,318200,370000
8/31/10 12:00 AM,2010,2010 - Q3,3,102,12,1,69316,80600
8/31/10 12:00 AM,2010,2010 - Q3,8,100,36,1,270272,329600
8/31/10 12:00 AM,2010,2010 - Q3,8,101,39,1,28378.56,34608
8/31/10 12:00 AM,2010,2010 - Q3,8,104,35,1,406720,496000
9/1/10 12:00 AM,2010,2010 - Q3,1,104,1,1,17138,20900
9/1/10 12:00 AM,2010,2010 - Q3,2,104,6,1,64370,78500
9/1/10 12:00 AM,2010,2010 - Q3,2,105,8,1,10135.2,12360
9/1/10 12:00 AM,2010,2010 - Q3,2,108,5,1,180400,220000
9/1/10 12:00 AM,2010,2010 - Q3,3,105,10,1,238650,277500
9/1/10 12:00 AM,2010,2010 - Q3,3,106,12,1,94084,109400
9/1/10 12:00 AM,2010,2010 - Q3,8,106,39,1,20973.96,25578
9/1/10 12:00 AM,2010,2010 - Q3,8,108,39,1,24039.12,29316
9/2/10 12:00 AM,2010,2010 - Q3,1,110,1,2,27634,33700
9/2/10 12:00 AM,2010,2010 - Q3,2,111,5,1,120540,147000
9/2/10 12:00 AM,2010,2010 - Q3,2,111,8,1,7609.6,9280
9/2/10 12:00 AM,2010,2010 - Q3,3,108,12,1,52584,62600
9/2/10 12:00 AM,2010,2010 - Q3,3,108,11,1,8539.8,9930
9/2/10 12:00 AM,2010,2010 - Q3,3,112,9,1,16254,18900
9/2/10 12:00 AM,2010,2010 - Q3,8,110,36,1,0,0
9/2/10 12:00 AM,2010,2010 - Q3,8,111,35,1,380480,464000
9/3/10 12:00 AM,2010,2010 - Q3,1,112,2,1,62648,76400
9/3/10 12:00 AM,2010,2010 - Q3,1,114,2,1,53792,65600
9/3/10 12:00 AM,2010,2010 - Q3,2,113,5,1,143500,175000
9/3/10 12:00 AM,2010,2010 - Q3,3,114,12,1,127280,148000
9/3/10 12:00 AM,2010,2010 - Q3,8,114,39,1,28378.56,34608
9/3/10 12:00 AM,2010,2010 - Q3,8,117,35,1,654360,798000
9/3/10 12:00 AM,2010,2010 - Q3,8,117,36,1,0,0
9/3/10 12:00 AM,2010,2010 - Q3,8,119,39,1,39743.76,48468
9/6/10 12:00 AM,2010,2010 - Q3,2,119,8,1,20467.2,24960
9/6/10 12:00 AM,2010,2010 - Q3,3,1,10,1,346940,418000
9/6/10 12:00 AM,2010,2010 - Q3,3,3,12,1,156704,188800
9/6/10 12:00 AM,2010,2010 - Q3,3,3,9,1,548464,660800
9/6/10 12:00 AM,2010,2010 - Q3,3,4,10,1,502980,606000
9/6/10 12:00 AM,2010,2010 - Q3,3,4,12,1,201192,242400
9/6/10 12:00 AM,2010,2010 - Q3,3,5,10,1,672715,810500
9/6/10 12:00 AM,2010,2010 - Q3,8,1,37,1,158505.6,200640
9/7/10 12:00 AM,2010,2010 - Q3,1,10,1,1,17384,21200
9/7/10 12:00 AM,2010,2010 - Q3,2,9,5,1,95120,116000
9/7/10 12:00 AM,2010,2010 - Q3,3,7,12,1,47644,55400
9/7/10 12:00 AM,2010,2010 - Q3,3,14,11,1,4863.3,5655
9/7/10 12:00 AM,2010,2010 - Q3,8,7,37,1,60614.4,73920
9/7/10 12:00 AM,2010,2010 - Q3,8,10,35,1,434600,530000
9/7/10 12:00 AM,2010,2010 - Q3,8,10,37,1,104304,127200
9/7/10 12:00 AM,2010,2010 - Q3,8,12,39,1,27345.36,33348
9/8/10 12:00 AM,2010,2010 - Q3,1,22,3,1,2738.8,3340
9/8/10 12:00 AM,2010,2010 - Q3,2,17,8,1,5412,6600
9/8/10 12:00 AM,2010,2010 - Q3,2,18,5,1,133660,163000
9/8/10 12:00 AM,2010,2010 - Q3,2,19,5,1,172200,210000
9/8/10 12:00 AM,2010,2010 - Q3,2,22,6,1,102500,125000
9/8/10 12:00 AM,2010,2010 - Q3,3,14,9,1,226954,263900
9/8/10 12:00 AM,2010,2010 - Q3,8,17,39,2,23143.68,28224
9/8/10 12:00 AM,2010,2010 - Q3,8,19,35,1,575640,702000
9/9/10 12:00 AM,2010,2010 - Q3,1,26,3,1,2960.2,3610
9/9/10 12:00 AM,2010,2010 - Q3,2,26,7,1,7429.2,9060
9/9/10 12:00 AM,2010,2010 - Q3,2,27,5,1,373920,456000
9/9/10 12:00 AM,2010,2010 - Q3,2,31,8,1,44903.6,56840
9/9/10 12:00 AM,2010,2010 - Q3,2,34,5,1,183200,229000
9/9/10 12:00 AM,2010,2010 - Q3,3,26,12,1,155832,181200
9/9/10 12:00 AM,2010,2010 - Q3,3,27,10,1,589530,685500
9/9/10 12:00 AM,2010,2010 - Q3,8,25,36,1,97088,118400
9/10/10 12:00 AM,2010,2010 - Q3,1,36,2,1,26404,32200
9/10/10 12:00 AM,2010,2010 - Q3,1,38,1,1,14350,17500
9/10/10 12:00 AM,2010,2010 - Q3,2,37,7,1,3558.8,4340
9/10/10 12:00 AM,2010,2010 - Q3,3,34,11,1,8681.4,10335
9/10/10 12:00 AM,2010,2010 - Q3,3,37,12,1,77572,90200
9/10/10 12:00 AM,2010,2010 - Q3,3,37,9,1,271502,315700
9/10/10 12:00 AM,2010,2010 - Q3,8,37,35,1,355880,434000
9/10/10 12:00 AM,2010,2010 - Q3,8,38,35,1,359160,438000
9/13/10 12:00 AM,2010,2010 - Q3,1,41,2,1,31652,38600
9/13/10 12:00 AM,2010,2010 - Q3,1,50,2,1,54776,66800
9/13/10 12:00 AM,2010,2010 - Q3,2,42,8,1,6707.6,8180
9/13/10 12:00 AM,2010,2010 - Q3,2,45,5,1,95940,117000
9/13/10 12:00 AM,2010,2010 - Q3,2,45,7,1,3214.4,3920
9/13/10 12:00 AM,2010,2010 - Q3,3,40,12,1,88408,102800
9/13/10 12:00 AM,2010,2010 - Q3,3,52,9,1,18060,21000
9/13/10 12:00 AM,2010,2010 - Q3,8,49,37,1,97612.8,119040
9/14/10 12:00 AM,2010,2010 - Q3,1,52,1,1,22386,27300
9/14/10 12:00 AM,2010,2010 - Q3,2,54,8,1,5674.4,6920
9/14/10 12:00 AM,2010,2010 - Q3,2,55,8,1,12611.6,15380
9/14/10 12:00 AM,2010,2010 - Q3,2,56,6,1,132020,161000
9/14/10 12:00 AM,2010,2010 - Q3,8,55,37,1,151142.4,184320
9/14/10 12:00 AM,2010,2010 - Q3,8,55,39,1,27517.56,33558
9/14/10 12:00 AM,2010,2010 - Q3,8,56,35,1,882320,1076000
9/14/10 12:00 AM,2010,2010 - Q3,8,56,37,1,211756.8,258240
9/15/10 12:00 AM,2010,2010 - Q3,1,56,3,1,3640.8,4440
9/15/10 12:00 AM,2010,2010 - Q3,1,60,2,1,45100,55000
9/15/10 12:00 AM,2010,2010 - Q3,1,60,3,1,2255,2750
9/15/10 12:00 AM,2010,2010 - Q3,2,60,6,1,84460,103000
9/15/10 12:00 AM,2010,2010 - Q3,2,60,7,1,5494,6700
9/15/10 12:00 AM,2010,2010 - Q3,3,56,11,1,14357.7,16695
9/15/10 12:00 AM,2010,2010 - Q3,3,57,9,1,1067948,1241800
9/15/10 12:00 AM,2010,2010 - Q3,8,60,39,2,46803.96,57078
9/16/10 12:00 AM,2010,2010 - Q3,1,61,2,1,79632,100800
9/16/10 12:00 AM,2010,2010 - Q3,1,64,2,1,41554,52600
9/16/10 12:00 AM,2010,2010 - Q3,2,65,6,1,173600,217000
9/16/10 12:00 AM,2010,2010 - Q3,3,61,12,1,209492,252400
9/16/10 12:00 AM,2010,2010 - Q3,3,62,11,1,6993,8325
9/16/10 12:00 AM,2010,2010 - Q3,8,64,35,1,540360,684000
9/16/10 12:00 AM,2010,2010 - Q3,8,65,37,1,278400,348000
9/16/10 12:00 AM,2010,2010 - Q3,8,65,36,1,464000,580000
9/17/10 12:00 AM,2010,2010 - Q3,1,65,3,1,4632,5790
9/17/10 12:00 AM,2010,2010 - Q3,1,70,2,1,21320,26000
9/17/10 12:00 AM,2010,2010 - Q3,1,70,3,1,1098.8,1340
9/17/10 12:00 AM,2010,2010 - Q3,2,69,5,1,74620,91000
9/17/10 12:00 AM,2010,2010 - Q3,3,67,9,1,248626,289100
9/17/10 12:00 AM,2010,2010 - Q3,3,69,12,1,50912,59200
9/17/10 12:00 AM,2010,2010 - Q3,8,67,35,1,337840,412000
9/17/10 12:00 AM,2010,2010 - Q3,8,70,39,1,11606.28,14154
9/20/10 12:00 AM,2010,2010 - Q3,1,71,2,1,24600,30000
9/20/10 12:00 AM,2010,2010 - Q3,1,74,2,1,32308,39400
9/20/10 12:00 AM,2010,2010 - Q3,2,71,7,1,3288.2,4010
9/20/10 12:00 AM,2010,2010 - Q3,3,72,11,1,7869,9150
9/20/10 12:00 AM,2010,2010 - Q3,3,75,12,1,99932,116200
9/20/10 12:00 AM,2010,2010 - Q3,3,77,9,1,340732,396200
9/20/10 12:00 AM,2010,2010 - Q3,8,72,36,1,187616,228800
9/20/10 12:00 AM,2010,2010 - Q3,8,75,37,1,114144,139200
9/21/10 12:00 AM,2010,2010 - Q3,1,80,2,1,27060,33000
9/21/10 12:00 AM,2010,2010 - Q3,1,81,1,1,9922,12100
9/21/10 12:00 AM,2010,2010 - Q3,2,79,7,1,3936,4800
9/21/10 12:00 AM,2010,2010 - Q3,3,79,11,1,283.8,330
9/21/10 12:00 AM,2010,2010 - Q3,3,81,9,1,8428,9800
9/21/10 12:00 AM,2010,2010 - Q3,8,79,39,1,16531.2,20160
9/21/10 12:00 AM,2010,2010 - Q3,8,80,37,1,81868.8,99840
9/21/10 12:00 AM,2010,2010 - Q3,8,80,36,1,144976,176800
9/22/10 12:00 AM,2010,2010 - Q3,1,81,2,1,19352,23600
9/22/10 12:00 AM,2010,2010 - Q3,2,83,8,1,10824,13200
9/22/10 12:00 AM,2010,2010 - Q3,2,86,8,1,14858.4,18120
9/22/10 12:00 AM,2010,2010 - Q3,2,86,7,1,7429.2,9060
9/22/10 12:00 AM,2010,2010 - Q3,3,85,10,1,119110,138500
9/22/10 12:00 AM,2010,2010 - Q3,3,87,9,1,443072,515200
9/22/10 12:00 AM,2010,2010 - Q3,8,86,39,1,30203.88,36834
9/22/10 12:00 AM,2010,2010 - Q3,8,87,35,1,603520,736000
9/23/10 12:00 AM,2010,2010 - Q3,1,87,3,1,2410.8,2940
9/23/10 12:00 AM,2010,2010 - Q3,1,90,3,1,3952.4,4820
9/23/10 12:00 AM,2010,2010 - Q3,1,95,1,1,30810,39000
9/23/10 12:00 AM,2010,2010 - Q3,2,92,5,1,494540,626000
9/23/10 12:00 AM,2010,2010 - Q3,3,92,10,1,433675,522500
9/23/10 12:00 AM,2010,2010 - Q3,3,95,10,1,405870,489000
9/23/10 12:00 AM,2010,2010 - Q3,3,96,10,2,556850,647500
9/23/10 12:00 AM,2010,2010 - Q3,8,96,36,1,216480,264000
9/24/10 12:00 AM,2010,2010 - Q3,1,97,2,1,29192,35600
9/24/10 12:00 AM,2010,2010 - Q3,2,97,5,1,116440,142000
9/24/10 12:00 AM,2010,2010 - Q3,2,97,7,1,3903.2,4760
9/24/10 12:00 AM,2010,2010 - Q3,2,98,5,1,165640,202000
9/24/10 12:00 AM,2010,2010 - Q3,3,97,9,1,286552,333200
9/24/10 12:00 AM,2010,2010 - Q3,8,97,37,1,88166.4,107520
9/24/10 12:00 AM,2010,2010 - Q3,8,97,39,1,15463.56,18858
9/24/10 12:00 AM,2010,2010 - Q3,8,100,37,1,164524.8,200640
9/27/10 12:00 AM,2010,2010 - Q3,1,100,1,1,27388,33400
9/27/10 12:00 AM,2010,2010 - Q3,2,101,5,1,201720,246000
9/27/10 12:00 AM,2010,2010 - Q3,3,100,11,1,10784.4,12540
9/27/10 12:00 AM,2010,2010 - Q3,3,102,10,1,211990,246500
9/27/10 12:00 AM,2010,2010 - Q3,8,102,39,1,16393.44,19992
9/27/10 12:00 AM,2010,2010 - Q3,8,104,37,1,107452.8,131040
9/27/10 12:00 AM,2010,2010 - Q3,8,104,36,1,179088,218400
9/27/10 12:00 AM,2010,2010 - Q3,8,104,39,1,18838.68,22974
9/28/10 12:00 AM,2010,2010 - Q3,1,105,1,1,19434,23700
9/28/10 12:00 AM,2010,2010 - Q3,1,106,2,1,43460,53000
9/28/10 12:00 AM,2010,2010 - Q3,2,108,8,1,13218.4,16120
9/28/10 12:00 AM,2010,2010 - Q3,2,108,7,1,6855.2,8360
9/28/10 12:00 AM,2010,2010 - Q3,2,109,8,1,6707.6,8180
9/28/10 12:00 AM,2010,2010 - Q3,3,109,10,1,8170,9500
9/28/10 12:00 AM,2010,2010 - Q3,8,108,37,1,164524.8,200640
9/28/10 12:00 AM,2010,2010 - Q3,8,109,36,1,133824,163200
9/29/10 12:00 AM,2010,2010 - Q3,1,111,2,1,34112,41600
9/29/10 12:00 AM,2010,2010 - Q3,1,112,2,1,45100,55000
9/29/10 12:00 AM,2010,2010 - Q3,2,110,5,1,82000,100000
9/29/10 12:00 AM,2010,2010 - Q3,2,113,8,1,10414,12700
9/29/10 12:00 AM,2010,2010 - Q3,3,112,10,1,13330,15500
9/29/10 12:00 AM,2010,2010 - Q3,3,112,9,1,19866,23100
9/29/10 12:00 AM,2010,2010 - Q3,8,111,35,1,428040,522000
9/29/10 12:00 AM,2010,2010 - Q3,8,112,36,1,217792,265600
9/30/10 12:00 AM,2010,2010 - Q3,1,114,3,1,2689.6,3280
9/30/10 12:00 AM,2010,2010 - Q3,2,119,7,1,11455.4,13970
9/30/10 12:00 AM,2010,2010 - Q3,3,114,12,1,136568,158800
9/30/10 12:00 AM,2010,2010 - Q3,3,114,9,1,445480,518000
9/30/10 12:00 AM,2010,2010 - Q3,3,117,12,2,243380,283000
9/30/10 12:00 AM,2010,2010 - Q3,8,114,37,1,162163.2,197760
9/30/10 12:00 AM,2010,2010 - Q3,8,119,35,1,1105360,1348000
9/30/10 12:00 AM,2010,2010 - Q3,8,119,37,2,540019.2,658560
10/1/10 12:00 AM,2010,2010 - Q3,8,119,36,2,900032,1097600
10/1/10 12:00 AM,2010,2010 - Q4,1,10,1,1,18040,22000
10/1/10 12:00 AM,2010,2010 - Q4,1,10,3,1,1804,2200
10/1/10 12:00 AM,2010,2010 - Q4,1,15,2,1,43460,53000
10/1/10 12:00 AM,2010,2010 - Q4,2,17,5,1,86920,106000
10/1/10 12:00 AM,2010,2010 - Q4,3,12,11,1,10990.8,12780
10/1/10 12:00 AM,2010,2010 - Q4,3,15,9,1,399728,464800
10/1/10 12:00 AM,2010,2010 - Q4,8,12,35,1,698640,852000
10/1/10 12:00 AM,2010,2010 - Q4,8,17,36,1,116112,141600
10/1/10 12:00 AM,2010,2010 - Q4,8,32,39,1,20239.8,25620
10/4/10 12:00 AM,2010,2010 - Q4,2,38,5,1,111520,136000
10/4/10 12:00 AM,2010,2010 - Q4,2,38,8,1,7462,9100
10/4/10 12:00 AM,2010,2010 - Q4,2,40,6,1,74620,91000
10/4/10 12:00 AM,2010,2010 - Q4,3,32,9,1,354410,427000
10/4/10 12:00 AM,2010,2010 - Q4,3,34,11,1,10084.5,12150
10/4/10 12:00 AM,2010,2010 - Q4,3,38,9,1,273910,318500
10/4/10 12:00 AM,2010,2010 - Q4,3,40,10,1,262300,305000
10/4/10 12:00 AM,2010,2010 - Q4,8,34,39,1,26875.8,34020
10/4/10 12:00 AM,2010,2010 - Q4,8,41,39,1,17254.44,21042
10/5/10 12:00 AM,2010,2010 - Q4,1,45,2,1,26404,32200
10/5/10 12:00 AM,2010,2010 - Q4,2,49,6,1,66420,81000
10/5/10 12:00 AM,2010,2010 - Q4,3,41,9,1,301602,350700
10/5/10 12:00 AM,2010,2010 - Q4,3,44,9,1,181804,211400
10/5/10 12:00 AM,2010,2010 - Q4,3,45,9,1,243810,283500
10/5/10 12:00 AM,2010,2010 - Q4,3,49,11,1,309.6,360
10/5/10 12:00 AM,2010,2010 - Q4,8,44,36,1,99056,120800
10/5/10 12:00 AM,2010,2010 - Q4,8,45,36,1,132512,161600
10/5/10 12:00 AM,2010,2010 - Q4,8,49,36,1,178432,217600
10/6/10 12:00 AM,2010,2010 - Q4,1,72,2,1,37720,46000
10/6/10 12:00 AM,2010,2010 - Q4,2,59,5,1,169740,207000
10/6/10 12:00 AM,2010,2010 - Q4,2,75,7,1,4928.2,6010
10/6/10 12:00 AM,2010,2010 - Q4,3,54,10,1,154370,179500
10/6/10 12:00 AM,2010,2010 - Q4,3,62,9,1,397985,479500
10/6/10 12:00 AM,2010,2010 - Q4,3,65,9,1,888349,1070300
10/6/10 12:00 AM,2010,2010 - Q4,3,75,12,1,103372,120200
10/6/10 12:00 AM,2010,2010 - Q4,8,59,37,1,135792,165600
10/6/10 12:00 AM,2010,2010 - Q4,8,75,39,1,20698.44,25242
10/7/10 12:00 AM,2010,2010 - Q4,1,77,1,1,21730,26500
10/7/10 12:00 AM,2010,2010 - Q4,2,81,8,1,5133.2,6260
10/7/10 12:00 AM,2010,2010 - Q4,2,86,8,1,15317.6,18680
10/7/10 12:00 AM,2010,2010 - Q4,3,77,11,1,8565.6,9960
10/7/10 12:00 AM,2010,2010 - Q4,3,79,9,1,13846,16100
10/7/10 12:00 AM,2010,2010 - Q4,3,86,12,1,160648,186800
10/7/10 12:00 AM,2010,2010 - Q4,8,79,37,1,97612.8,119040
10/7/10 12:00 AM,2010,2010 - Q4,8,87,37,1,150355.2,183360
10/7/10 12:00 AM,2010,2010 - Q4,8,88,39,1,25657.8,31290
10/8/10 12:00 AM,2010,2010 - Q4,1,110,2,1,22632,27600
10/8/10 12:00 AM,2010,2010 - Q4,2,102,8,1,8347.6,10180
10/8/10 12:00 AM,2010,2010 - Q4,2,110,6,1,42230,51500
10/8/10 12:00 AM,2010,2010 - Q4,2,114,6,1,100860,123000
10/8/10 12:00 AM,2010,2010 - Q4,3,111,12,1,4644,5400
10/8/10 12:00 AM,2010,2010 - Q4,3,117,12,1,134160,156000
10/8/10 12:00 AM,2010,2010 - Q4,8,106,36,1,206640,252000
10/8/10 12:00 AM,2010,2010 - Q4,8,111,39,1,19424.16,23688
10/8/10 12:00 AM,2010,2010 - Q4,8,117,37,1,153110.4,186720
10/11/10 12:00 AM,2010,2010 - Q4,1,117,3,1,1910.6,2330
10/11/10 12:00 AM,2010,2010 - Q4,2,1,5,1,439240,556000
10/11/10 12:00 AM,2010,2010 - Q4,2,3,7,1,8208.1,10390
10/11/10 12:00 AM,2010,2010 - Q4,3,1,12,1,144254,173800
10/11/10 12:00 AM,2010,2010 - Q4,3,3,11,1,13091.4,15585
10/11/10 12:00 AM,2010,2010 - Q4,3,3,9,1,610932,727300
10/11/10 12:00 AM,2010,2010 - Q4,3,4,12,1,208164,250800
10/11/10 12:00 AM,2010,2010 - Q4,3,4,11,1,16745.4,19935
10/11/10 12:00 AM,2010,2010 - Q4,8,3,39,1,33345.9,42210
10/12/10 12:00 AM,2010,2010 - Q4,1,4,1,1,31363,39700
10/12/10 12:00 AM,2010,2010 - Q4,1,9,3,1,1353,1650
10/12/10 12:00 AM,2010,2010 - Q4,1,10,2,1,28700,35000
10/12/10 12:00 AM,2010,2010 - Q4,2,10,8,1,9987.6,12180
10/12/10 12:00 AM,2010,2010 - Q4,3,5,10,1,715680,852000
10/12/10 12:00 AM,2010,2010 - Q4,3,7,11,1,4721.4,5490
10/12/10 12:00 AM,2010,2010 - Q4,8,5,35,1,1346160,1704000
10/12/10 12:00 AM,2010,2010 - Q4,8,10,39,1,20216.28,24654
10/12/10 12:00 AM,2010,2010 - Q4,8,13,37,1,164918.4,201120
10/13/10 12:00 AM,2010,2010 - Q4,1,15,2,1,34276,41800
10/13/10 12:00 AM,2010,2010 - Q4,2,13,7,1,6633.8,8090
10/13/10 12:00 AM,2010,2010 - Q4,2,14,7,1,4305,5250
10/13/10 12:00 AM,2010,2010 - Q4,2,18,5,1,139400,170000
10/13/10 12:00 AM,2010,2010 - Q4,3,14,12,1,84968,98800
10/13/10 12:00 AM,2010,2010 - Q4,3,17,11,1,3947.4,4590
10/13/10 12:00 AM,2010,2010 - Q4,3,19,11,1,477.3,555
10/13/10 12:00 AM,2010,2010 - Q4,3,19,9,1,22274,25900
10/13/10 12:00 AM,2010,2010 - Q4,8,13,39,1,28895.16,35238
10/14/10 12:00 AM,2010,2010 - Q4,1,22,1,1,20500,25000
10/14/10 12:00 AM,2010,2010 - Q4,1,26,1,1,23944,29200
10/14/10 12:00 AM,2010,2010 - Q4,1,27,3,1,5313.6,6480
10/14/10 12:00 AM,2010,2010 - Q4,2,24,7,1,5895.8,7190
10/14/10 12:00 AM,2010,2010 - Q4,2,26,7,1,8298.4,10120
10/14/10 12:00 AM,2010,2010 - Q4,3,24,10,1,309170,359500
10/14/10 12:00 AM,2010,2010 - Q4,3,26,9,1,586950,682500
10/14/10 12:00 AM,2010,2010 - Q4,3,27,10,1,697890,811500
10/14/10 12:00 AM,2010,2010 - Q4,8,31,36,1,492328,623200
10/15/10 12:00 AM,2010,2010 - Q4,2,31,5,1,738650,935000
10/15/10 12:00 AM,2010,2010 - Q4,2,34,8,1,13588,17200
10/15/10 12:00 AM,2010,2010 - Q4,2,35,8,1,9543.2,12080
10/15/10 12:00 AM,2010,2010 - Q4,3,31,12,1,261912,311800
10/15/10 12:00 AM,2010,2010 - Q4,3,32,10,1,271740,323500
10/15/10 12:00 AM,2010,2010 - Q4,3,35,12,1,104328,124200
10/15/10 12:00 AM,2010,2010 - Q4,8,35,39,1,20040.72,25368
10/15/10 12:00 AM,2010,2010 - Q4,8,36,36,1,141040,172000
10/15/10 12:00 AM,2010,2010 - Q4,8,36,39,1,14809.2,18060
10/18/10 12:00 AM,2010,2010 - Q4,1,36,2,1,21812,26600
10/18/10 12:00 AM,2010,2010 - Q4,1,36,3,1,1049.6,1280
10/18/10 12:00 AM,2010,2010 - Q4,1,39,2,1,20500,25000
10/18/10 12:00 AM,2010,2010 - Q4,2,39,5,1,102500,125000
10/18/10 12:00 AM,2010,2010 - Q4,2,39,8,1,6510.8,7940
10/18/10 12:00 AM,2010,2010 - Q4,3,36,11,1,5766.3,6705
10/18/10 12:00 AM,2010,2010 - Q4,3,37,11,1,6037.2,7020
10/18/10 12:00 AM,2010,2010 - Q4,3,39,11,1,5121.3,5955
10/18/10 12:00 AM,2010,2010 - Q4,8,39,39,1,14499.24,17682
10/19/10 12:00 AM,2010,2010 - Q4,1,41,1,1,12956,15800
10/19/10 12:00 AM,2010,2010 - Q4,1,45,1,1,10496,12800
10/19/10 12:00 AM,2010,2010 - Q4,1,45,2,1,20992,25600
10/19/10 12:00 AM,2010,2010 - Q4,3,40,12,1,111972,130200
10/19/10 12:00 AM,2010,2010 - Q4,3,41,11,1,6862.8,7980
10/19/10 12:00 AM,2010,2010 - Q4,3,48,10,1,151790,176500
10/19/10 12:00 AM,2010,2010 - Q4,3,48,12,2,117476,136600
10/19/10 12:00 AM,2010,2010 - Q4,8,42,37,1,88560,108000
10/19/10 12:00 AM,2010,2010 - Q4,8,45,35,1,352600,430000
10/20/10 12:00 AM,2010,2010 - Q4,1,48,1,1,8610,10500
10/20/10 12:00 AM,2010,2010 - Q4,1,50,2,2,96432,117600
10/20/10 12:00 AM,2010,2010 - Q4,1,50,3,1,2738.8,3340
10/20/10 12:00 AM,2010,2010 - Q4,3,50,12,1,7224,8400
10/20/10 12:00 AM,2010,2010 - Q4,3,52,12,1,5848,6800
10/20/10 12:00 AM,2010,2010 - Q4,8,49,35,1,464120,566000
10/20/10 12:00 AM,2010,2010 - Q4,8,49,39,1,20216.28,24654
10/20/10 12:00 AM,2010,2010 - Q4,8,50,37,1,164524.8,200640
10/20/10 12:00 AM,2010,2010 - Q4,8,52,35,1,624840,762000
10/21/10 12:00 AM,2010,2010 - Q4,1,52,1,1,18614,22700
10/21/10 12:00 AM,2010,2010 - Q4,1,60,2,1,37720,46000
10/21/10 12:00 AM,2010,2010 - Q4,2,56,6,1,134890,164500
10/21/10 12:00 AM,2010,2010 - Q4,3,54,11,1,4940.7,5745
10/21/10 12:00 AM,2010,2010 - Q4,3,55,9,1,489426,569100
10/21/10 12:00 AM,2010,2010 - Q4,8,56,37,1,223958.4,273120
10/21/10 12:00 AM,2010,2010 - Q4,8,56,39,1,37884,46200
10/21/10 12:00 AM,2010,2010 - Q4,8,57,37,1,383366.4,467520
10/21/10 12:00 AM,2010,2010 - Q4,8,60,35,1,606800,740000
10/22/10 12:00 AM,2010,2010 - Q4,1,61,3,1,3175.8,4020
10/22/10 12:00 AM,2010,2010 - Q4,1,65,3,1,3602.4,4560
10/22/10 12:00 AM,2010,2010 - Q4,1,67,3,1,1148,1400
10/22/10 12:00 AM,2010,2010 - Q4,2,65,8,1,24095,30500
10/22/10 12:00 AM,2010,2010 - Q4,2,67,5,1,114800,140000
10/22/10 12:00 AM,2010,2010 - Q4,3,61,9,1,816144,971600
10/22/10 12:00 AM,2010,2010 - Q4,8,64,36,1,231312,292800
10/22/10 12:00 AM,2010,2010 - Q4,8,67,35,1,372280,454000
10/22/10 12:00 AM,2010,2010 - Q4,8,67,39,1,14671.44,17892
10/25/10 12:00 AM,2010,2010 - Q4,1,68,2,1,36408,44400
10/25/10 12:00 AM,2010,2010 - Q4,1,69,2,1,16400,20000
10/25/10 12:00 AM,2010,2010 - Q4,1,69,3,1,820,1000
10/25/10 12:00 AM,2010,2010 - Q4,2,68,8,1,9708.8,11840
10/25/10 12:00 AM,2010,2010 - Q4,2,71,8,2,14809.2,18060
10/25/10 12:00 AM,2010,2010 - Q4,3,68,10,1,254560,296000
10/25/10 12:00 AM,2010,2010 - Q4,3,71,9,1,266686,310100
10/25/10 12:00 AM,2010,2010 - Q4,8,68,37,1,116505.6,142080
10/25/10 12:00 AM,2010,2010 - Q4,8,70,37,1,71241.6,86880
10/26/10 12:00 AM,2010,2010 - Q4,2,72,8,1,10118.8,12340
10/26/10 12:00 AM,2010,2010 - Q4,2,75,5,2,305040,372000
10/26/10 12:00 AM,2010,2010 - Q4,2,75,8,1,9987.6,12180
10/26/10 12:00 AM,2010,2010 - Q4,3,72,12,1,109908,127800
10/26/10 12:00 AM,2010,2010 - Q4,3,72,11,1,7959.3,9255
10/26/10 12:00 AM,2010,2010 - Q4,3,74,11,1,6785.4,7890
10/26/10 12:00 AM,2010,2010 - Q4,8,72,36,1,202048,246400
10/26/10 12:00 AM,2010,2010 - Q4,8,74,36,1,172528,210400
10/26/10 12:00 AM,2010,2010 - Q4,8,74,39,1,18115.44,22092
10/27/10 12:00 AM,2010,2010 - Q4,1,77,3,1,1566.2,1910
10/27/10 12:00 AM,2010,2010 - Q4,1,83,2,1,22304,27200
10/27/10 12:00 AM,2010,2010 - Q4,2,79,6,1,64370,78500
10/27/10 12:00 AM,2010,2010 - Q4,2,81,8,1,5510.4,6720
10/27/10 12:00 AM,2010,2010 - Q4,2,85,6,1,38950,47500
10/27/10 12:00 AM,2010,2010 - Q4,3,77,11,1,8294.7,9645
10/27/10 12:00 AM,2010,2010 - Q4,3,81,12,2,5676,6600
10/27/10 12:00 AM,2010,2010 - Q4,3,81,9,1,9632,11200
10/27/10 12:00 AM,2010,2010 - Q4,8,80,39,1,15807.96,19278
10/28/10 12:00 AM,2010,2010 - Q4,1,85,1,1,7380,9000
10/28/10 12:00 AM,2010,2010 - Q4,1,85,2,1,15580,19000
10/28/10 12:00 AM,2010,2010 - Q4,1,85,3,1,738,900
10/28/10 12:00 AM,2010,2010 - Q4,1,86,2,1,49692,60600
10/28/10 12:00 AM,2010,2010 - Q4,1,86,3,1,2583,3150
10/28/10 12:00 AM,2010,2010 - Q4,2,88,6,1,102910,125500
10/28/10 12:00 AM,2010,2010 - Q4,8,87,37,1,162556.8,198240
10/28/10 12:00 AM,2010,2010 - Q4,8,87,36,1,270928,330400
10/28/10 12:00 AM,2010,2010 - Q4,8,88,39,1,28826.28,35154
10/29/10 12:00 AM,2010,2010 - Q4,1,91,1,1,34523,43700
10/29/10 12:00 AM,2010,2010 - Q4,2,90,7,1,10291,12550
10/29/10 12:00 AM,2010,2010 - Q4,2,91,7,1,17301,21900
10/29/10 12:00 AM,2010,2010 - Q4,3,88,11,1,10436.1,12135
10/29/10 12:00 AM,2010,2010 - Q4,3,91,10,1,490140,583500
10/29/10 12:00 AM,2010,2010 - Q4,3,91,9,1,686196,816900
10/29/10 12:00 AM,2010,2010 - Q4,8,90,35,1,1013520,1236000
10/29/10 12:00 AM,2010,2010 - Q4,8,90,37,1,246787.2,300960
10/29/10 12:00 AM,2010,2010 - Q4,8,95,39,1,33611.34,42546
11/1/10 12:00 AM,2010,2010 - Q4,2,95,7,1,8002.7,10130
11/1/10 12:00 AM,2010,2010 - Q4,2,96,8,1,11234,13700
11/1/10 12:00 AM,2010,2010 - Q4,2,100,5,1,208280,254000
11/1/10 12:00 AM,2010,2010 - Q4,3,95,12,1,175896,209400
11/1/10 12:00 AM,2010,2010 - Q4,3,97,11,1,6746.7,7845
11/1/10 12:00 AM,2010,2010 - Q4,3,97,9,1,314846,366100
11/1/10 12:00 AM,2010,2010 - Q4,3,101,9,1,503272,585200
11/1/10 12:00 AM,2010,2010 - Q4,8,96,37,1,134611.2,164160
11/1/10 12:00 AM,2010,2010 - Q4,8,97,37,1,96825.6,118080
11/2/10 12:00 AM,2010,2010 - Q4,1,104,1,1,15170,18500
11/2/10 12:00 AM,2010,2010 - Q4,1,106,1,2,30176,36800
11/2/10 12:00 AM,2010,2010 - Q4,2,108,6,1,98810,120500
11/2/10 12:00 AM,2010,2010 - Q4,3,102,11,1,6591.9,7665
11/2/10 12:00 AM,2010,2010 - Q4,3,102,9,1,297388,345800
11/2/10 12:00 AM,2010,2010 - Q4,3,105,11,1,7920.6,9210
11/2/10 12:00 AM,2010,2010 - Q4,8,102,39,1,17013.36,20748
11/2/10 12:00 AM,2010,2010 - Q4,8,106,36,1,199424,243200
11/2/10 12:00 AM,2010,2010 - Q4,8,108,37,1,164918.4,201120
11/3/10 12:00 AM,2010,2010 - Q4,1,110,1,1,8528,10400
11/3/10 12:00 AM,2010,2010 - Q4,1,110,2,1,17056,20800
11/3/10 12:00 AM,2010,2010 - Q4,1,113,1,2,16892,20600
11/3/10 12:00 AM,2010,2010 - Q4,1,114,3,1,2082.8,2540
11/3/10 12:00 AM,2010,2010 - Q4,2,109,6,1,54940,67000
11/3/10 12:00 AM,2010,2010 - Q4,2,113,6,1,86510,105500
11/3/10 12:00 AM,2010,2010 - Q4,3,111,9,1,17458,20300
11/3/10 12:00 AM,2010,2010 - Q4,3,112,11,1,438.6,510
11/3/10 12:00 AM,2010,2010 - Q4,8,114,37,1,167673.6,204480
11/4/10 12:00 AM,2010,2010 - Q4,1,4,2,1,65254,82600
11/4/10 12:00 AM,2010,2010 - Q4,2,117,5,1,198440,242000
11/4/10 12:00 AM,2010,2010 - Q4,2,119,7,1,12455.8,15190
11/4/10 12:00 AM,2010,2010 - Q4,2,3,5,1,260700,330000
11/4/10 12:00 AM,2010,2010 - Q4,2,5,8,1,26923.2,34080
11/4/10 12:00 AM,2010,2010 - Q4,3,4,11,1,17388,20700
11/4/10 12:00 AM,2010,2010 - Q4,8,1,35,1,780520,988000
11/4/10 12:00 AM,2010,2010 - Q4,8,1,36,1,312208,395200
11/4/10 12:00 AM,2010,2010 - Q4,8,3,35,1,870580,1102000
11/5/10 12:00 AM,2010,2010 - Q4,1,9,1,1,10004,12200
11/5/10 12:00 AM,2010,2010 - Q4,1,9,2,1,20008,24400
11/5/10 12:00 AM,2010,2010 - Q4,2,7,8,1,6609.2,8060
11/5/10 12:00 AM,2010,2010 - Q4,2,7,7,1,3198,3900
11/5/10 12:00 AM,2010,2010 - Q4,3,5,12,2,548688,653200
11/5/10 12:00 AM,2010,2010 - Q4,3,9,10,1,197800,230000
11/5/10 12:00 AM,2010,2010 - Q4,8,6,36,1,101024,123200
11/5/10 12:00 AM,2010,2010 - Q4,8,7,35,1,329640,402000
11/5/10 12:00 AM,2010,2010 - Q4,8,9,35,1,365720,446000
11/8/10 12:00 AM,2010,2010 - Q4,1,10,2,1,29192,35600
11/8/10 12:00 AM,2010,2010 - Q4,1,12,1,1,15662,19100
11/8/10 12:00 AM,2010,2010 - Q4,1,15,2,1,33292,40600
11/8/10 12:00 AM,2010,2010 - Q4,2,14,7,1,4198.4,5120
11/8/10 12:00 AM,2010,2010 - Q4,2,15,8,1,12168.8,14840
11/8/10 12:00 AM,2010,2010 - Q4,3,12,12,1,107844,125400
11/8/10 12:00 AM,2010,2010 - Q4,3,15,11,1,8591.4,9990
11/8/10 12:00 AM,2010,2010 - Q4,8,10,39,1,22420.44,27342
11/8/10 12:00 AM,2010,2010 - Q4,8,15,36,1,243376,296800
11/9/10 12:00 AM,2010,2010 - Q4,1,15,3,1,1722,2100
11/9/10 12:00 AM,2010,2010 - Q4,1,17,1,1,7544,9200
11/9/10 12:00 AM,2010,2010 - Q4,2,18,6,1,67650,82500
11/9/10 12:00 AM,2010,2010 - Q4,2,18,8,1,9987.6,12180
11/9/10 12:00 AM,2010,2010 - Q4,2,22,6,1,104140,127000
11/9/10 12:00 AM,2010,2010 - Q4,3,17,10,1,125560,146000
11/9/10 12:00 AM,2010,2010 - Q4,3,18,10,1,212850,247500
11/9/10 12:00 AM,2010,2010 - Q4,3,18,12,1,104748,121800
11/9/10 12:00 AM,2010,2010 - Q4,8,17,36,1,106272,129600
11/10/10 12:00 AM,2010,2010 - Q4,1,27,1,1,42558,51900
11/10/10 12:00 AM,2010,2010 - Q4,1,31,1,1,33812,42800
11/10/10 12:00 AM,2010,2010 - Q4,2,31,5,1,780520,988000
11/10/10 12:00 AM,2010,2010 - Q4,3,24,9,1,409962,476700
11/10/10 12:00 AM,2010,2010 - Q4,3,27,10,1,747770,869500
11/10/10 12:00 AM,2010,2010 - Q4,3,27,11,1,22381.5,26025
11/10/10 12:00 AM,2010,2010 - Q4,8,24,39,1,24796.8,30240
11/10/10 12:00 AM,2010,2010 - Q4,8,26,35,1,931520,1136000
11/10/10 12:00 AM,2010,2010 - Q4,8,27,36,1,633040,772000
11/11/10 12:00 AM,2010,2010 - Q4,1,36,1,1,9758,11900
11/11/10 12:00 AM,2010,2010 - Q4,2,36,5,1,110700,135000
11/11/10 12:00 AM,2010,2010 - Q4,2,37,5,1,129560,158000
11/11/10 12:00 AM,2010,2010 - Q4,3,32,12,1,108864,129600
11/11/10 12:00 AM,2010,2010 - Q4,3,36,12,1,69660,81000
11/11/10 12:00 AM,2010,2010 - Q4,3,36,9,1,243810,283500
11/11/10 12:00 AM,2010,2010 - Q4,8,32,36,2,446824,565600
11/11/10 12:00 AM,2010,2010 - Q4,8,35,35,1,540360,684000
11/11/10 12:00 AM,2010,2010 - Q4,8,36,36,1,142352,173600
11/12/10 12:00 AM,2010,2010 - Q4,1,37,2,1,24272,29600
11/12/10 12:00 AM,2010,2010 - Q4,1,40,2,1,32144,39200
11/12/10 12:00 AM,2010,2010 - Q4,1,42,2,1,22796,27800
11/12/10 12:00 AM,2010,2010 - Q4,2,37,6,1,64780,79000
11/12/10 12:00 AM,2010,2010 - Q4,2,42,8,1,8183.6,9980
11/12/10 12:00 AM,2010,2010 - Q4,3,37,10,1,204250,237500
11/12/10 12:00 AM,2010,2010 - Q4,3,42,11,1,6037.2,7020
11/12/10 12:00 AM,2010,2010 - Q4,3,42,9,1,281736,327600
11/12/10 12:00 AM,2010,2010 - Q4,8,38,35,1,411640,502000
11/15/10 12:00 AM,2010,2010 - Q4,1,45,2,1,21812,26600
11/15/10 12:00 AM,2010,2010 - Q4,1,45,3,1,1090.6,1330
11/15/10 12:00 AM,2010,2010 - Q4,2,45,8,1,7822.8,9540
11/15/10 12:00 AM,2010,2010 - Q4,2,49,7,1,5157.8,6290
11/15/10 12:00 AM,2010,2010 - Q4,3,45,10,1,192210,223500
11/15/10 12:00 AM,2010,2010 - Q4,3,45,12,1,73788,85800
11/15/10 12:00 AM,2010,2010 - Q4,3,48,10,1,145770,169500
11/15/10 12:00 AM,2010,2010 - Q4,3,49,9,1,16856,19600
11/15/10 12:00 AM,2010,2010 - Q4,8,49,39,1,21662.76,26418
11/16/10 12:00 AM,2010,2010 - Q4,1,50,3,1,1853.2,2260
11/16/10 12:00 AM,2010,2010 - Q4,1,52,3,1,1812.2,2210
11/16/10 12:00 AM,2010,2010 - Q4,2,52,7,1,6256.6,7630
11/16/10 12:00 AM,2010,2010 - Q4,2,54,8,1,6888,8400
11/16/10 12:00 AM,2010,2010 - Q4,3,52,10,1,15050,17500
11/16/10 12:00 AM,2010,2010 - Q4,3,52,11,1,451.5,525
11/16/10 12:00 AM,2010,2010 - Q4,8,52,37,1,158620.8,193440
11/16/10 12:00 AM,2010,2010 - Q4,8,52,36,1,249936,304800
11/16/10 12:00 AM,2010,2010 - Q4,8,55,36,1,276176,336800
11/17/10 12:00 AM,2010,2010 - Q4,1,55,2,1,39032,47600
11/17/10 12:00 AM,2010,2010 - Q4,1,60,3,1,1943.4,2370
11/17/10 12:00 AM,2010,2010 - Q4,2,56,8,1,20122.8,24540
11/17/10 12:00 AM,2010,2010 - Q4,2,60,6,1,97990,119500
11/17/10 12:00 AM,2010,2010 - Q4,2,60,7,1,6543.6,7980
11/17/10 12:00 AM,2010,2010 - Q4,3,55,10,1,335400,390000
11/17/10 12:00 AM,2010,2010 - Q4,3,55,9,1,507486,590100
11/17/10 12:00 AM,2010,2010 - Q4,3,61,10,1,573720,683000
11/17/10 12:00 AM,2010,2010 - Q4,8,61,39,1,50400.42,63798
11/18/10 12:00 AM,2010,2010 - Q4,2,62,5,1,358660,454000
11/18/10 12:00 AM,2010,2010 - Q4,2,68,8,1,10742,13100
11/18/10 12:00 AM,2010,2010 - Q4,2,69,6,1,45510,55500
11/18/10 12:00 AM,2010,2010 - Q4,2,69,8,1,5904,7200
11/18/10 12:00 AM,2010,2010 - Q4,3,62,10,1,318360,379000
11/18/10 12:00 AM,2010,2010 - Q4,3,67,11,1,6037.2,7020
11/18/10 12:00 AM,2010,2010 - Q4,3,68,9,1,353976,411600
11/18/10 12:00 AM,2010,2010 - Q4,8,64,39,1,22164.24,28056
11/18/10 12:00 AM,2010,2010 - Q4,8,68,35,1,501840,612000
11/19/10 12:00 AM,2010,2010 - Q4,1,71,1,1,11398,13900
11/19/10 12:00 AM,2010,2010 - Q4,1,71,2,1,21976,26800
11/19/10 12:00 AM,2010,2010 - Q4,2,71,6,1,62320,76000
11/19/10 12:00 AM,2010,2010 - Q4,2,75,7,1,5338.2,6510
11/19/10 12:00 AM,2010,2010 - Q4,3,69,9,1,201670,234500
11/19/10 12:00 AM,2010,2010 - Q4,3,70,10,2,314760,366000
11/19/10 12:00 AM,2010,2010 - Q4,3,70,11,1,4824.6,5610
11/19/10 12:00 AM,2010,2010 - Q4,3,74,9,1,307622,357700
11/19/10 12:00 AM,2010,2010 - Q4,3,75,12,1,100620,117000
11/22/10 12:00 AM,2010,2010 - Q4,1,75,3,1,1459.6,1780
11/22/10 12:00 AM,2010,2010 - Q4,1,77,3,1,1533.4,1870
11/22/10 12:00 AM,2010,2010 - Q4,1,79,1,1,13038,15900
11/22/10 12:00 AM,2010,2010 - Q4,1,80,2,1,20172,24600
11/22/10 12:00 AM,2010,2010 - Q4,2,79,5,1,142680,174000
11/22/10 12:00 AM,2010,2010 - Q4,3,80,11,1,245.1,285
11/22/10 12:00 AM,2010,2010 - Q4,8,77,37,1,133036.8,162240
11/22/10 12:00 AM,2010,2010 - Q4,8,79,35,1,446080,544000
11/22/10 12:00 AM,2010,2010 - Q4,8,79,39,1,18769.8,22890
11/23/10 12:00 AM,2010,2010 - Q4,1,92,3,1,2836.1,3590
11/23/10 12:00 AM,2010,2010 - Q4,2,81,5,1,86100,105000
11/23/10 12:00 AM,2010,2010 - Q4,2,83,5,1,185320,226000
11/23/10 12:00 AM,2010,2010 - Q4,2,83,8,1,12431.2,15160
11/23/10 12:00 AM,2010,2010 - Q4,3,86,10,1,338840,394000
11/23/10 12:00 AM,2010,2010 - Q4,3,88,11,1,10513.5,12225
11/23/10 12:00 AM,2010,2010 - Q4,8,88,36,1,296512,361600
11/23/10 12:00 AM,2010,2010 - Q4,8,90,36,1,372608,454400
11/23/10 12:00 AM,2010,2010 - Q4,8,91,36,1,394368,499200
11/24/10 12:00 AM,2010,2010 - Q4,1,96,1,1,17138,20900
11/24/10 12:00 AM,2010,2010 - Q4,1,96,2,1,35588,43400
11/24/10 12:00 AM,2010,2010 - Q4,2,96,6,1,97170,118500
11/24/10 12:00 AM,2010,2010 - Q4,3,95,10,1,419580,499500
11/24/10 12:00 AM,2010,2010 - Q4,3,95,12,1,167832,199800
11/24/10 12:00 AM,2010,2010 - Q4,8,95,35,1,876900,1110000
11/24/10 12:00 AM,2010,2010 - Q4,8,95,39,1,38289.72,48468
11/24/10 12:00 AM,2010,2010 - Q4,8,96,39,1,26277.72,32046
11/24/10 12:00 AM,2010,2010 - Q4,8,97,37,1,103123.2,125760
11/25/10 12:00 AM,2010,2010 - Q4,2,97,5,1,128740,157000
11/25/10 12:00 AM,2010,2010 - Q4,2,100,7,1,6986.4,8520
11/25/10 12:00 AM,2010,2010 - Q4,2,101,5,1,213200,260000
11/25/10 12:00 AM,2010,2010 - Q4,3,97,10,1,196080,228000
11/25/10 12:00 AM,2010,2010 - Q4,3,97,12,1,78432,91200
11/25/10 12:00 AM,2010,2010 - Q4,3,98,11,1,9558.9,11115
11/25/10 12:00 AM,2010,2010 - Q4,3,100,10,1,335400,390000
11/25/10 12:00 AM,2010,2010 - Q4,8,97,36,1,171872,209600
11/25/10 12:00 AM,2010,2010 - Q4,8,97,39,1,17461.08,21294
11/26/10 12:00 AM,2010,2010 - Q4,1,101,3,1,1951.6,2380
11/26/10 12:00 AM,2010,2010 - Q4,1,104,2,1,27880,34000
11/26/10 12:00 AM,2010,2010 - Q4,2,102,5,1,118900,145000
11/26/10 12:00 AM,2010,2010 - Q4,2,104,8,1,10168,12400
11/26/10 12:00 AM,2010,2010 - Q4,2,108,7,1,6297.6,7680
11/26/10 12:00 AM,2010,2010 - Q4,3,102,10,1,209410,243500
11/26/10 12:00 AM,2010,2010 - Q4,8,105,35,1,557600,680000
11/26/10 12:00 AM,2010,2010 - Q4,8,106,39,1,22420.44,27342
11/26/10 12:00 AM,2010,2010 - Q4,8,108,37,1,151142.4,184320
11/29/10 12:00 AM,2010,2010 - Q4,1,108,2,1,36408,44400
11/29/10 12:00 AM,2010,2010 - Q4,1,111,1,1,7954,9700
11/29/10 12:00 AM,2010,2010 - Q4,1,113,3,1,893.8,1090
11/29/10 12:00 AM,2010,2010 - Q4,2,111,5,1,86920,106000
11/29/10 12:00 AM,2010,2010 - Q4,3,110,10,1,6880,8000
11/29/10 12:00 AM,2010,2010 - Q4,3,110,12,1,2752,3200
11/29/10 12:00 AM,2010,2010 - Q4,8,109,35,1,393600,480000
11/29/10 12:00 AM,2010,2010 - Q4,8,110,37,1,73209.6,89280
11/29/10 12:00 AM,2010,2010 - Q4,8,112,36,1,261744,319200
11/30/10 12:00 AM,2010,2010 - Q4,1,114,1,1,19516,23800
11/30/10 12:00 AM,2010,2010 - Q4,1,119,2,1,77572,94600
11/30/10 12:00 AM,2010,2010 - Q4,2,119,6,1,207050,252500
11/30/10 12:00 AM,2010,2010 - Q4,2,1,7,2,34752.1,43990
11/30/10 12:00 AM,2010,2010 - Q4,2,3,7,1,9045.5,11450
11/30/10 12:00 AM,2010,2010 - Q4,3,114,12,1,134160,156000
11/30/10 12:00 AM,2010,2010 - Q4,8,114,39,1,29893.92,36456
11/30/10 12:00 AM,2010,2010 - Q4,8,117,35,2,1457960,1778000
11/30/10 12:00 AM,2010,2010 - Q4,8,1,35,1,826340,1046000
12/1/10 12:00 AM,2010,2010 - Q4,1,3,1,1,23937,30300
12/1/10 12:00 AM,2010,2010 - Q4,1,6,1,1,7052,8600
12/1/10 12:00 AM,2010,2010 - Q4,1,6,3,1,680.6,830
12/1/10 12:00 AM,2010,2010 - Q4,2,6,6,1,38540,47000
12/1/10 12:00 AM,2010,2010 - Q4,3,3,10,1,407820,485500
12/1/10 12:00 AM,2010,2010 - Q4,3,6,11,1,3663.6,4260
12/1/10 12:00 AM,2010,2010 - Q4,8,4,35,1,0,0
12/1/10 12:00 AM,2010,2010 - Q4,8,4,39,1,48376.44,61236
12/1/10 12:00 AM,2010,2010 - Q4,8,5,39,1,58396.8,73920
12/2/10 12:00 AM,2010,2010 - Q4,1,12,2,1,32472,39600
12/2/10 12:00 AM,2010,2010 - Q4,2,7,7,1,3493.2,4260
12/2/10 12:00 AM,2010,2010 - Q4,2,10,5,1,174660,213000
12/2/10 12:00 AM,2010,2010 - Q4,2,13,7,1,6994.6,8530
12/2/10 12:00 AM,2010,2010 - Q4,3,9,10,1,163400,190000
12/2/10 12:00 AM,2010,2010 - Q4,3,10,9,1,343140,399000
12/2/10 12:00 AM,2010,2010 - Q4,3,13,10,1,302720,352000
12/2/10 12:00 AM,2010,2010 - Q4,8,7,37,1,83836.8,102240
12/2/10 12:00 AM,2010,2010 - Q4,8,13,39,1,30307.2,36960
12/3/10 12:00 AM,2010,2010 - Q4,1,17,1,1,7216,8800
12/3/10 12:00 AM,2010,2010 - Q4,1,18,1,1,12382,15100
12/3/10 12:00 AM,2010,2010 - Q4,1,18,3,1,1197.2,1460
12/3/10 12:00 AM,2010,2010 - Q4,2,17,5,1,78720,96000
12/3/10 12:00 AM,2010,2010 - Q4,2,18,8,1,9954.8,12140
12/3/10 12:00 AM,2010,2010 - Q4,2,20,5,1,78720,96000
12/3/10 12:00 AM,2010,2010 - Q4,2,20,6,1,39360,48000
12/3/10 12:00 AM,2010,2010 - Q4,3,17,11,1,3715.2,4320
12/3/10 12:00 AM,2010,2010 - Q4,3,20,10,1,5160,6000
12/6/10 12:00 AM,2010,2010 - Q4,1,20,3,1,656,800
12/6/10 12:00 AM,2010,2010 - Q4,1,22,3,1,1804,2200
12/6/10 12:00 AM,2010,2010 - Q4,3,22,9,1,20468,23800
12/6/10 12:00 AM,2010,2010 - Q4,3,24,11,1,8643,10050
12/6/10 12:00 AM,2010,2010 - Q4,8,23,35,1,255840,312000
12/6/10 12:00 AM,2010,2010 - Q4,8,23,39,1,11055.24,13482
12/6/10 12:00 AM,2010,2010 - Q4,8,26,37,1,247968,302400
12/6/10 12:00 AM,2010,2010 - Q4,8,27,35,1,1685920,2056000
12/6/10 12:00 AM,2010,2010 - Q4,8,27,37,1,404620.8,493440
12/7/10 12:00 AM,2010,2010 - Q4,2,27,6,1,254200,310000
12/7/10 12:00 AM,2010,2010 - Q4,2,32,5,1,362610,459000
12/7/10 12:00 AM,2010,2010 - Q4,2,32,8,1,24189.8,30620
12/7/10 12:00 AM,2010,2010 - Q4,3,27,9,1,995708,1157800
12/7/10 12:00 AM,2010,2010 - Q4,3,31,12,1,229320,273000
12/7/10 12:00 AM,2010,2010 - Q4,3,31,9,1,858480,1022000
12/7/10 12:00 AM,2010,2010 - Q4,8,32,36,1,241424,305600
12/7/10 12:00 AM,2010,2010 - Q4,8,34,35,1,726800,920000
12/7/10 12:00 AM,2010,2010 - Q4,8,34,36,1,290720,368000
12/8/10 12:00 AM,2010,2010 - Q4,1,37,1,1,11890,14500
12/8/10 12:00 AM,2010,2010 - Q4,1,40,1,1,15416,18800
12/8/10 12:00 AM,2010,2010 - Q4,2,34,8,1,14536,18400
12/8/10 12:00 AM,2010,2010 - Q4,2,37,8,1,9151.2,11160
12/8/10 12:00 AM,2010,2010 - Q4,2,39,7,1,4075.4,4970
12/8/10 12:00 AM,2010,2010 - Q4,3,38,10,1,178450,207500
12/8/10 12:00 AM,2010,2010 - Q4,3,40,12,1,107156,124600
12/8/10 12:00 AM,2010,2010 - Q4,3,40,11,2,15789.6,18360
12/8/10 12:00 AM,2010,2010 - Q4,8,36,36,1,148256,180800
12/9/10 12:00 AM,2010,2010 - Q4,2,42,6,1,64780,79000
12/9/10 12:00 AM,2010,2010 - Q4,2,47,6,1,38130,46500
12/9/10 12:00 AM,2010,2010 - Q4,3,45,12,1,76368,88800
12/9/10 12:00 AM,2010,2010 - Q4,3,45,11,1,5727.6,6660
12/9/10 12:00 AM,2010,2010 - Q4,3,47,9,1,149898,174300
12/9/10 12:00 AM,2010,2010 - Q4,8,42,39,1,18769.8,22890
12/9/10 12:00 AM,2010,2010 - Q4,8,45,36,1,162032,197600
12/9/10 12:00 AM,2010,2010 - Q4,8,47,35,1,255840,312000
12/9/10 12:00 AM,2010,2010 - Q4,8,48,36,1,106272,129600
12/10/10 12:00 AM,2010,2010 - Q4,2,50,8,1,14432,17600
12/10/10 12:00 AM,2010,2010 - Q4,2,54,8,1,5986,7300
12/10/10 12:00 AM,2010,2010 - Q4,2,54,7,1,3099.6,3780
12/10/10 12:00 AM,2010,2010 - Q4,3,50,12,1,5848,6800
12/10/10 12:00 AM,2010,2010 - Q4,3,50,11,1,438.6,510
12/10/10 12:00 AM,2010,2010 - Q4,3,52,11,1,412.8,480
12/10/10 12:00 AM,2010,2010 - Q4,8,49,37,1,127920,156000
12/10/10 12:00 AM,2010,2010 - Q4,8,50,36,1,284048,346400
12/10/10 12:00 AM,2010,2010 - Q4,8,54,35,1,309960,378000
12/13/10 12:00 AM,2010,2010 - Q4,1,56,2,1,55760,68000
12/13/10 12:00 AM,2010,2010 - Q4,2,55,8,1,14432,17600
12/13/10 12:00 AM,2010,2010 - Q4,2,56,5,1,335380,409000
12/13/10 12:00 AM,2010,2010 - Q4,2,56,8,1,22369.6,27280
12/13/10 12:00 AM,2010,2010 - Q4,2,57,8,1,32996.8,40240
12/13/10 12:00 AM,2010,2010 - Q4,3,54,9,2,357588,415800
12/13/10 12:00 AM,2010,2010 - Q4,3,55,10,1,302720,352000
12/13/10 12:00 AM,2010,2010 - Q4,8,56,36,1,447392,545600
12/13/10 12:00 AM,2010,2010 - Q4,8,57,37,1,406982.4,496320
12/14/10 12:00 AM,2010,2010 - Q4,1,60,2,1,38048,46400
12/14/10 12:00 AM,2010,2010 - Q4,1,64,2,1,27334,34600
12/14/10 12:00 AM,2010,2010 - Q4,2,60,5,1,228780,279000
12/14/10 12:00 AM,2010,2010 - Q4,3,57,12,1,284488,330800
12/14/10 12:00 AM,2010,2010 - Q4,3,61,11,1,17904.6,21315
12/14/10 12:00 AM,2010,2010 - Q4,3,65,12,1,224616,267400
12/14/10 12:00 AM,2010,2010 - Q4,8,60,35,1,762600,930000
12/14/10 12:00 AM,2010,2010 - Q4,8,61,35,1,1246620,1578000
12/14/10 12:00 AM,2010,2010 - Q4,8,62,35,1,477160,604000
12/15/10 12:00 AM,2010,2010 - Q4,1,68,3,1,1246.4,1520
12/15/10 12:00 AM,2010,2010 - Q4,1,69,3,1,721.6,880
12/15/10 12:00 AM,2010,2010 - Q4,1,71,2,1,21976,26800
12/15/10 12:00 AM,2010,2010 - Q4,2,75,6,1,82820,101000
12/15/10 12:00 AM,2010,2010 - Q4,3,72,11,1,7843.2,9120
12/15/10 12:00 AM,2010,2010 - Q4,8,68,36,1,181712,221600
12/15/10 12:00 AM,2010,2010 - Q4,8,69,37,1,75964.8,92640
12/15/10 12:00 AM,2010,2010 - Q4,8,72,36,1,221728,270400
12/15/10 12:00 AM,2010,2010 - Q4,8,74,36,1,154160,188000
12/16/10 12:00 AM,2010,2010 - Q4,1,78,1,1,11316,13800
12/16/10 12:00 AM,2010,2010 - Q4,1,79,2,1,23944,29200
12/16/10 12:00 AM,2010,2010 - Q4,1,79,3,1,1287.4,1570
12/16/10 12:00 AM,2010,2010 - Q4,3,77,12,1,79808,92800
12/16/10 12:00 AM,2010,2010 - Q4,3,78,11,1,5830.8,6780
12/16/10 12:00 AM,2010,2010 - Q4,3,79,10,1,9890,11500
12/16/10 12:00 AM,2010,2010 - Q4,3,80,10,1,8170,9500
12/16/10 12:00 AM,2010,2010 - Q4,8,79,39,1,20905.08,25494
12/16/10 12:00 AM,2010,2010 - Q4,8,80,39,1,16496.76,20118
12/17/10 12:00 AM,2010,2010 - Q4,1,81,2,1,14432,17600
12/17/10 12:00 AM,2010,2010 - Q4,1,81,3,1,721.6,880
12/17/10 12:00 AM,2010,2010 - Q4,2,86,8,1,14842,18100
12/17/10 12:00 AM,2010,2010 - Q4,3,80,9,1,10836,12600
12/17/10 12:00 AM,2010,2010 - Q4,3,81,9,1,7826,9100
12/17/10 12:00 AM,2010,2010 - Q4,3,86,12,1,140180,163000
12/17/10 12:00 AM,2010,2010 - Q4,3,86,9,1,467754,543900
12/17/10 12:00 AM,2010,2010 - Q4,8,81,39,1,12122.88,14784
12/17/10 12:00 AM,2010,2010 - Q4,8,86,39,1,33441.24,40782
12/20/10 12:00 AM,2010,2010 - Q4,1,86,3,1,2033.6,2480
12/20/10 12:00 AM,2010,2010 - Q4,2,87,7,1,7585,9250
12/20/10 12:00 AM,2010,2010 - Q4,2,88,5,1,246000,300000
12/20/10 12:00 AM,2010,2010 - Q4,2,88,6,1,123000,150000
12/20/10 12:00 AM,2010,2010 - Q4,2,88,8,1,15334,18700
12/20/10 12:00 AM,2010,2010 - Q4,2,88,7,1,7667,9350
12/20/10 12:00 AM,2010,2010 - Q4,3,87,11,1,10745.7,12495
12/20/10 12:00 AM,2010,2010 - Q4,3,88,9,1,506884,589400
12/20/10 12:00 AM,2010,2010 - Q4,8,88,39,1,34508.88,42084
12/21/10 12:00 AM,2010,2010 - Q4,1,90,2,1,51496,62800
12/21/10 12:00 AM,2010,2010 - Q4,1,91,2,1,49612,62800
12/21/10 12:00 AM,2010,2010 - Q4,1,91,3,1,2567.5,3250
12/21/10 12:00 AM,2010,2010 - Q4,1,92,3,1,2567.5,3250
12/21/10 12:00 AM,2010,2010 - Q4,2,90,5,1,299300,365000
12/21/10 12:00 AM,2010,2010 - Q4,2,92,8,1,43371,54900
12/21/10 12:00 AM,2010,2010 - Q4,3,92,12,1,194040,231000
12/21/10 12:00 AM,2010,2010 - Q4,3,96,12,1,127452,148200
12/21/10 12:00 AM,2010,2010 - Q4,8,96,39,1,28378.56,34608
12/22/10 12:00 AM,2010,2010 - Q4,1,102,2,1,17220,21000
12/22/10 12:00 AM,2010,2010 - Q4,2,101,5,1,216480,264000
12/22/10 12:00 AM,2010,2010 - Q4,2,102,8,1,7134,8700
12/22/10 12:00 AM,2010,2010 - Q4,2,105,5,1,186140,227000
12/22/10 12:00 AM,2010,2010 - Q4,8,98,36,1,211888,258400
12/22/10 12:00 AM,2010,2010 - Q4,8,101,39,1,30307.2,36960
12/22/10 12:00 AM,2010,2010 - Q4,8,102,35,1,346040,422000
12/22/10 12:00 AM,2010,2010 - Q4,8,104,39,1,22110.48,26964
12/22/10 12:00 AM,2010,2010 - Q4,8,105,35,1,590400,720000
12/23/10 12:00 AM,2010,2010 - Q4,1,106,2,1,29684,36200
12/23/10 12:00 AM,2010,2010 - Q4,2,105,6,1,88150,107500
12/23/10 12:00 AM,2010,2010 - Q4,2,105,8,1,11808,14400
12/23/10 12:00 AM,2010,2010 - Q4,2,106,7,1,5658,6900
12/23/10 12:00 AM,2010,2010 - Q4,3,111,10,1,6020,7000
12/23/10 12:00 AM,2010,2010 - Q4,8,106,39,1,23763.6,28980
12/23/10 12:00 AM,2010,2010 - Q4,8,109,35,1,423120,516000
12/23/10 12:00 AM,2010,2010 - Q4,8,109,36,1,169248,206400
12/23/10 12:00 AM,2010,2010 - Q4,8,113,35,1,349320,426000
12/24/10 12:00 AM,2010,2010 - Q4,1,114,3,1,1804,2200
12/24/10 12:00 AM,2010,2010 - Q4,1,117,3,1,2099.2,2560
12/24/10 12:00 AM,2010,2010 - Q4,2,113,8,1,13562.8,16540
12/24/10 12:00 AM,2010,2010 - Q4,2,113,7,1,6781.4,8270
12/24/10 12:00 AM,2010,2010 - Q4,3,117,10,1,344860,401000
12/24/10 12:00 AM,2010,2010 - Q4,8,117,35,1,821640,1002000
12/24/10 12:00 AM,2010,2010 - Q4,8,117,37,1,197193.6,240480
12/24/10 12:00 AM,2010,2010 - Q4,8,117,36,1,306352,373600
12/24/10 12:00 AM,2010,2010 - Q4,8,119,37,1,344400,420000
12/27/10 12:00 AM,2010,2010 - Q4,1,119,1,2,77408,94400
12/27/10 12:00 AM,2010,2010 - Q4,1,119,3,1,3804.8,4640
12/27/10 12:00 AM,2010,2010 - Q4,8,119,36,1,574000,700000
